3316 5436
687 535 873 580 rnrunrucu
899 537 1002 584 uuuss
1415 523 1455 587 21

224 684 408 757 nilestum
426 685 546 783 igitur
562 708 810 781 personarum
828 687 931 756 vices
948 684 1121 759 indicari.
1140 689 1189 758 At
1213 714 1313 760 nunc
1334 702 1455 761 totam

222 808 506 908 antistropham
535 808 695 880 Electrae
725 811 923 908 assignant
950 812 1050 882 sieut
1073 811 1270 911 stropham
1296 815 1455 885 315-322

223 936 367 1014 Oresti,
386 948 425 1006 et
447 932 484 1004 id
506 931 660 1031 quidem
682 932 783 1004 haud
808 931 923 1005 dubie
945 950 1062 1007 recte.
1089 935 1189 1007 Nihil
1213 951 1342 1007 tamen
1365 937 1454 1009 obs·

223 1074 306 1132 tare
326 1060 533 1158 quominus
555 1056 841 1130 distributionis
865 1058 937 1130 alia
961 1061 1056 1131 ratio
1080 1062 1130 1131 sit
1153 1063 1190 1130 in
1213 1061 1453 1158 antistropha

224 1199 340 1282 atque
361 1186 398 1254 in
425 1181 596 1281 stropha,
624 1196 839 1254 monstrent
867 1182 1009 1255 bledeae
1033 1182 1202 1281 strophae
1227 1186 1380 1257 1273-81
1405 1217 1454 1251 =

228 1309 399 1380 taut-92.
423 1309 563 1404 lncipit
577 1321 704 1377 autem
721 1308 961 1404 antistropha
978 1307 1025 1378 ab
1041 1307 1100 1379 his
1120 1307 1278 1379 llleotrae
1296 1308 1423 1381 verbis
1441 1335 1449 1380 ε

220 1445 309 1509 κλῦθί
319 1472 367 1509 πα
380 1439 404 1508 ὦ
417 1446 509 1535 πιίτερ
525 1443 553 1508 ἐν
565 1441 642 1534 μέρει
657 1439 860 1535 πολυδακριπα
873 1442 968 1525 πένθη,
985 1433 1125 1530 quibus
1140 1431 1377 1530 adscriptum
1393 1448 1452 1505 est

223 1557 398 1631 Scholion
418 1585 425 1628 :
451 1569 480 1633 ἐν
497 1566 584 1660 μέρει·
604 1571 680 1632 κατὰ
700 1564 850 1656 διαδοχήν,
865 1569 903 1642 ὡς
921 1572 969 1632 καὶ
987 1572 1037 1632 τοῦ
1057 1564 1189 1656 ἀδελφοῦ.
1215 1559 1252 1629 Sl
1279 1555 1451 1629 additum

221 1698 329 1756 esset
347 1693 415 1782 ἐμοῦ
430 1682 489 1753 vel
505 1719 561 1781 μου
575 1680 621 1752 ad
641 1693 735 1762 κλῦθι,
759 1707 851 1753 sane
872 1679 1073 1753 commode
1094 1681 1209 1752 verba
1233 1680 1280 1752 ad
1302 1683 1451 1754 Orestis

223 1806 422 1905 stropham
441 1805 570 1878 referri
594 1822 775 1903 possent;
799 1803 866 1878 sed
884 1831 970 1877 cum
989 1804 1082 1875 nihil
1102 1806 1178 1878 tale
1194 1803 1368 1877 additum
1386 1807 1447 1888 sit,

219 1943 251 2008 ιἰι
267 1941 346 2034 pipo
367 1930 529 2004 sortasse
555 1930 690 2003 melius
711 1928 759 2001 de
782 1930 863 2002 sola
887 1929 1124 2027 antistropha
1151 1929 1387 2027 alternisque
1413 1933 1449 2000 in

220 2081 267 2128 ea
280 2081 529 2153 personarum
542 2055 690 2126 vicibus
707 2054 966 2152 intellegatur.
986 2054 1108 2126 Probe
1124 2057 1225 2126 enim
1239 2053 1448 2128 tenendum

221 2195 297 2259 est,
322 2182 496 2253 Orestem
516 2183 553 2250 in
575 2178 731 2276 stropha
749 2178 841 2250 nihil
859 2181 931 2251 nisi
956 2178 1236 2252 dubitationem
1256 2205 1362 2250 suam
1388 2205 1449 2250 ex-

221 2307 476 2403 prompsisse,
500 2331 589 2374 num
613 2306 737 2401 possit
758 2320 867 2402 pater
886 2302 1039 2376 audire:
1069 2329 1165 2402 quas
1185 2302 1448 2376 dubitationes

220 2428 326 2502 tollit
351 2429 491 2501 chorus
523 2432 721 2501 interiecta
752 2429 910 2526 stropha
934 2437 973 2524 β’
995 2430 1152 2501 323-331
1177 2458 1184 2511 ;
1218 2431 1290 2499 iam
1322 2430 1448 2528 pergit

223 2553 374 2626 Electra
407 2581 424 2620 ιι
447 2551 535 2625 audi
566 2557 683 2653 igitur
706 2584 739 2634 n,
769 2565 854 2629 κλῦθί
878 2592 938 2638 νυν,
971 2567 1349 2650 consentaneumque
1389 2566 1448 2624 est

221 2693 440 2776 utrumque,
469 2704 544 2751 non
575 2704 744 2751 sororem
771 2677 905 2759 solam,
934 2681 971 2748 in
997 2703 1080 2749 eam
1107 2680 1293 2750 rationem
1325 2676 1443 2775 loqui.

219 2805 348 2901 Atque
361 2802 464 2875 chori
477 2830 562 2901 quae
574 2806 745 2901 proxime
757 2801 980 2901 praecedunt
993 2802 1072 2874 haec
1090 2818 1179 2874 sunt
1193 2830 1200 2871 :
1218 2812 1372 2904 πατέρων..
1384 2810 1448 2902 γόος

220 2939 412 3027 ..opprima
426 2940 592 3030 ταραχθείς,
609 2926 711 3025 quod
728 2953 813 3000 esse
829 2926 993 3010 videtur,
1015 2957 1031 2996 ιι
1047 2927 1094 2998 ab
1111 2942 1273 3025 utroque
1288 2958 1320 2998 ο.
1336 2930 1448 2999 ruta-

219 3054 339 3122 verim
368 3053 483 3151 igitur
514 3050 685 3124 Mediceo
710 3050 1001 3149 obsequendum
1027 3054 1140 3123 etsie
1164 3050 1445 3150 antistropham

218 3174 523 3274 dispertiendam
545 3201 657 3247 esse:

540 3371 615 3438 ΗΑ.
642 3373 725 3438 κλῦθί
737 3400 785 3437 νυν
798 3368 822 3437 ὦ
836 3375 927 3464 ποέτερ
942 3372 969 3437 ἐν
982 3372 1059 3464 μέρει
1304 3363 1375 3433 332

641 3493 844 3588 πο).υδαίκριπα
857 3495 952 3568 πένθη.

540 3618 610 3687 ΟΡ.
638 3617 733 3696 δίπαις
748 3623 791 3687 τοί
803 3619 831 3687 o'
847 3619 1009 3709 ἐπιτύμβιος

638 3747 745 3838 θρῆνος
758 3748 952 3822 αααστεναζει.

639 3873 727 3959 τάφος
740 3867 765 3934 δ’
781 3869 874 3945 ἱκέτας
886 3867 965 3936 δεδε-

637 4020 701 4060 κται
717 3991 849 4083 φυγαδας
863 3993 887 4060 θ’
902 3996 1014 4083 ὁμοίως.

535 4115 611 4184 ΗΛ.
638 4121 667 4184 τί
678 4115 760 4184 τῶνδ’
775 4111 822 4197 eim
845 4116 909 4185 τίδ’
920 4128 989 4211 ἄτερ
1002 4128 1116 4201 aarum

640 4243 689 4308 οὐκ
704 4245 854 4335 ἀτρίακτος
868 4253 946 4325 olm

266 4420 348 4490 Etsi
368 4417 576 4491 scholiasta
595 4418 750 4517 quidem
773 4435 813 4491 ut
835 4422 947 4491 unius
968 4418 1127 4491 Electrae
1147 4418 1227 4490 haec
1249 4420 1377 4490 omnia
1395 4417 1445 4488 le-

213 4545 322 4641 gisse
333 4540 507 4626 videtur;
532 4541 691 4615 adnotat
706 4546 808 4616 enim
826 4542 873 4614 ad
889 4544 960 4616 336
977 4570 1035 4641 sq.
1053 4571 1059 4612 :
1087 4553 1169 4619 ἱκέτιν
1184 4548 1265 4633 (eo
1280 4539 1381 4630 cod.)
1397 4552 1447 4640 μὲν
