3316 5436
218 361 259 426 16
659 360 842 423 uitruons
867 380 994 425 nicona

264 531 365 601 Bene
381 530 481 599 enim
499 553 518 598 a
536 526 817 624 compluribus¹
835 534 900 626 γόον
920 554 989 624 pro
1009 536 1092 628 λόγον
1115 532 1152 600 in
1172 556 1208 602 v.
1234 532 1307 604 509
1331 559 1449 632 repo·

213 657 328 726 situm
346 667 417 734 est,
437 677 483 723 ne
500 653 670 723 continui
687 649 763 722 duo
780 676 912 722 versus
928 659 1026 728 τόνδε..
1044 661 1127 753 λόγον
1147 654 1277 728 verbis
1299 661 1448 755 pariter

213 775 507 859 clauderentur;
530 791 610 847 tum
637 777 673 845 in
695 782 864 877 ὀδύρματα..
882 783 958 874 γόον,
984 791 1173 877 στιχομοθίας
1197 781 1446 879 aequabilitas

214 900 350 974 similis
366 915 480 997 atque
497 915 607 971 antea
628 914 799 998 apparet.
814 902 1025 998 Dispositio
1042 918 1169 990 autem
1187 930 1264 977 non
1282 905 1446 979 absimi-

214 1026 260 1097 lis
276 1039 335 1098 est
351 1027 388 1095 in
405 1023 626 1122 paenultima
643 1023 801 1121 stropha
819 1024 1136 1124 antistrophaque
1146 1044 1257 1128 κορμοῦ
1270 1033 1335 1127 qui
1349 1058 1447 1129 prae-

212 1148 328 1232 cedit,
347 1176 382 1219 v.
403 1150 590 1220 456-465:

408 1344 478 1412 ΟΡ.
506 1344 540 1410 σε’
552 1371 593 1410 τοι
608 1344 692 1434 λέγω,
708 1344 840 1433 Eussner]
854 1348 944 1437 πάτερ
959 1348 1059 1435 φίλοις.
1201 1375 1267 1442 στρ.
1296 1342 1369 1413 456

406 1468 481 1535 ΗΛ.
509 1469 565 1557 ἐγὼ
578 1465 604 1534 δ’
619 1468 820 1558 ἐπιφθέγγομαι
835 1469 1022 1557 κεκλαυμένα.

406 1592 481 1659 XO.
509 1596 611 1668 στοῖοις
623 1589 654 1658 δὲ
667 1596 817 1681 πώρκοιοος
832 1591 877 1658 ἢ
893 1595 1035 1686 ἐπιρροθεῖ
1036 1620 1041 1631 ·

509 1726 630 1782 ἄκουσον
649 1718 675 1791 ἐς
694 1719 767 1805 φοέος
784 1718 891 1806 μολών,

509 1839 557 1917 ξὺν
574 1838 604 1907 δὲ
622 1846 703 1929 γενοῦ
720 1843 790 1933 πρὸς
809 1842 941 1932 ἐχθρούς.
1295 1837 1368 1908 460

407 1964 478 2032 ΟΡ.
506 1974 577 2057 ἄρῃς
596 1974 657 2057 ἅρει
676 1963 826 2054 ξυμβοῦοι,
845 1961 911 2051 δίκᾳ
928 1963 1003 2032 δίκα.
1206 1973 1268 2035 ἀντι

407 2088 483 2156 ΗΛ.
512 2093 545 2155 ἰὼ
560 2092 624 2171 Θεοί,
640 2088 761 2181 κραίνετ’
777 2087 889 2165 ἐνδίκως
903 2090 990 2170 (vl)

407 2213 482 2281 XO.
507 2211 608 2306 rpc'uog
621 2213 651 2303 μ’
666 2212 782 2306 ὑφέρπει
797 2214 940 2280 κλὺουσαο
954 2213 1113 2304 εέιρμοὲτωιι.
1154 2238 1156 2242 ’

509 2341 540 2404 τὸ
553 2335 693 2430 μὲρσιμοιι
706 2337 780 2426 μένει
794 2339 898 2418 tradar,

508 2461 667 2551 εὐχομένοις
680 2459 705 2527 δ’
719 2464 754 2527 oi)
768 2463 851 2526 dudm.
1293 2457 1365 2527 465

261 2642 316 2711 lta
341 2642 442 2711 enim
468 2639 693 2736 plerumque
719 2637 800 2709 haec
825 2637 1130 2736 dispertiuntur:
1154 2643 1226 2712 etsi
1247 2641 1441 2716 Wilamo·

210 2766 359 2835 witzius
388 2762 536 2836 diversa
564 2767 709 2835 ratione
737 2766 828 2834 inita
859 2761 1032 2861 singulos
1062 2789 1195 2836 versus
1229 2767 1439 2859 (458-463)

210 2887 341 2971 choro,
371 2888 538 2986 reliquos
562 2888 673 2959 binos
694 2887 856 2978 (litu-60,
882 2889 1010 2980 464-5)
1036 2902 1074 2960 et
1100 2886 1218 2960 choro
1244 2904 1283 2961 et
1308 2892 1439 2963 Oresti

213 3012 448 3111 Electraeque
465 3015 698 3085 coniunctim
711 3011 857 3083 tribuit.
878 3009 952 3083 Sed
969 3014 1040 3082 etsi
1058 3037 1236 3109 separare
1248 3017 1377 3111 possis
1400 3018 1439 3088 in

211 3137 381 3236 stropha,
401 3141 438 3209 in
455 3137 692 3235 antistropha
711 3152 813 3208 certe
831 3162 905 3207 non
929 3150 988 3207 cst
1009 3138 1257 3209 interstitium
1283 3154 1439 3211 senten·

209 3264 294 3334 tiae:
313 3289 382 3334 cur
396 3265 497 3334 enim
512 3270 614 3364 τρόμος
627 3269 753 3363 ὑφέρπει,
767 3263 838 3331 nisi
856 3259 959 3357 quod
976 3258 1093 3332 fatum
1111 3259 1344 3333 horrendum
1361 3266 1437 3334 iam

210 3413 329 3487 prope
357 3389 497 3459 instare
522 3386 699 3458 videtur?
722 3383 832 3479 Quod
858 3387 959 3456 enim
984 3383 1151 3456 futurum
1175 3400 1247 3469 est,
1272 3404 1438 3484 possunt

210 3511 385 3584 homines
417 3538 483 3584 seu
513 3513 762 3584 contentione
795 3534 862 3580 sua
893 3511 972 3580 sive
1004 3508 1184 3606 precibus
1216 3525 1433 3584 maturare:

208 3649 350 3714 κλύουσαν
368 3646 517 3736 dispuitur
536 3680 583 3689 -
602 3645 761 3735 εὐχομένοις
783 3640 808 3708 δ’
828 3646 864 3708 cic)
881 3644 969 3726 ἴοθοι,
991 3635 1089 3705 sicut
1101 3632 1169 3705 'est
1186 3636 1223 3704 in
1241 3637 1345 3706 Pers,
1366 3636 1437 3708 740

210 3788 294 3859 sqq.
317 3773 372 3860 ἐμὼ
390 3769 422 3838 δέ
438 3798 493 3837 που
512 3768 560 3837 διὰ
580 3775 693 3862 μακροῦ
707 3766 812 3861 χρόνον
832 3764 895 3833 ταδ’
917 3769 1024 3855 ηὔχουν
1045 3768 1249 3841 &rectoriam
1263 3770 1349 3845 θεοὺς·
1371 3769 1437 3835 itt?

208 3893 275 3963 ὅταν
298 3894 405 3986 σπεύδῃ
424 3922 465 3972 τις
487 3893 582 3974 αὐτός,
608 3898 655 3982 χώ
678 3896 737 3969 θεὸς
759 3891 937 3969 ξυνάπτετοιι.
961 3883 1001 3952 ln
1022 3908 1057 3952 v.
1083 3883 1150 3953 461
1178 3885 1320 3955 rectius
1344 3898 1437 3982 puto

208 4031 279 4113 ἄρος
298 4030 360 4113 ἅρει
384 4026 422 4083 ct
445 4018 511 4108 δίκᾳ
533 4017 599 4086 δίκα
621 4034 733 4106 quam
760 4005 893 4077 cariem
915 4031 935 4075 a
959 4004 1086 4077 littera
1111 4006 1320 4078 maiuscula
1346 4010 1434 4079 inci·

208 4137 365 4235 pientia,
385 4138 457 4207 etsi
474 4134 550 4207 tale
566 4133 773 4205 discrimen
791 4133 1016 4230 ignorarunt
1028 4132 1145 4203 Graeci
1163 4159 1171 4214 ;
1190 4146 1228 4202 at
1244 4130 1313 4203 dea
1328 4134 1438 4203 lusti·

245 4411 252 4442 ¹
275 4412 293 4463 F
300 4412 375 4463 .-W.
394 4411 532 4470 Schmidt,
549 4412 681 4462 Newman
698 4407 849 4478 (Blaydes).
