3316 5436
588 461 774 507 minumus
800 461 906 507 stass
1325 441 1366 507 15

333 617 411 686 ΗΛ.
439 616 536 695 παῖδες
548 623 607 712 γὰρ
622 617 703 712 ἀνδρὶ
717 617 848 696 κληδόνες
862 624 995 712 σωτήριοι
1222 608 1292 680 505

439 740 556 810 θοινόντι·
572 745 669 833 φελλοὶ
683 741 709 809 δ’
724 745 763 820 ὣς
777 753 879 833 ἄγουσι
893 741 1013 822 δίκτυον,

440 869 486 934 τὸν
499 869 530 934 ἑκ
543 867 632 952 βυθοῦ
645 869 800 961 κλωστῆρα
814 870 950 958 σῴζοντες
964 869 1049 934 λίνου.

334 991 407 1058 ΟΡ.
434 991 523 1058 ἄκου’·
544 991 615 1086 ὑπὲρ
629 998 682 1059 σοῦ
695 990 784 1058 τοιαδ
798 991 856 1059 ἔστ’
867 990 1023 1085 δδὺρριττοι·

439 1116 522 1193 αὐτὸς
535 1114 565 1183 δὲ
579 1118 659 1207 σώζῃ
673 1114 751 1184 τόνδε
764 1122 886 1207 τιμήσας
901 1115 992 1207 λόγον.

188 1352 320 1447 ltaque
337 1377 424 1422 cum
448 1349 506 1422 bis
529 1349 641 1423 binos
662 1376 796 1423 versus
821 1350 1000 1448 loquatur
1014 1353 1185 1433 Orestes,
1211 1350 1270 1423 bis
1291 1367 1365 1424 ter-

136 1499 210 1546 nos
245 1473 410 1556 Electra,
442 1473 553 1546 huius
584 1501 737 1573 quoque
767 1478 887 1572 partis
921 1473 1162 1572 aequabilitas
1195 1474 1364 1572 perlecta

135 1600 388 1695 conspicitur,
408 1613 446 1670 et
462 1601 492 1670 si
509 1625 595 1670 cum
617 1601 738 1696 prima
760 1598 921 1671 totidem
946 1624 1124 1671 versuum
1148 1624 1360 1697 compares

135 1725 253 1794 etiam
283 1724 383 1793 inter
412 1737 613 1821 utramque
643 1726 737 1796 satis
763 1722 1036 1821 aequabilitatis
1062 1725 1263 1820 reperitur.
1289 1726 1365 1797 Cur

137 1849 256 1944 igitur
271 1847 591 1920 ll'ilamowitzius
614 1847 748 1919 ordine
770 1873 948 1919 versuum
970 1862 1117 1920 mutato
1137 1850 1264 1920 omnia
1288 1863 1364 1920 tur-

137 1971 243 2042 bavit
258 1987 296 2044 et
312 1971 481 2044 refudit?
503 1975 538 2044 ls
554 1975 655 2043 enim
673 1972 830 2044 ultimos
847 1971 944 2044 duos
960 1975 1089 2044 statim
1106 1987 1195 2071 post
1220 1972 1290 2044 504
1311 1975 1364 2043 in-

137 2097 232 2166 serit
252 2124 260 2178 ;
285 2098 454 2194 quinque
470 2096 734 2194 praecedentes
750 2123 884 2168 omnes
906 2095 971 2167 dat
996 2096 1170 2180 Electrae,
1195 2099 1364 2194 quinque

135 2234 329 2292 extremos
345 2224 470 2293 Oresti
485 2247 632 2293 omnes
653 2223 835 2292 Nimirum
854 2220 965 2292 aliter
979 2246 1117 2319 neque,
1136 2235 1242 2318 put0‚
1260 2235 1364 2292 recte

137 2344 379 2417 intellexerat
394 2357 517 2421 λοισθίου
530 2354 599 2440 βοῆς
618 2373 650 2415 v.
673 2345 757 2428 500,
776 2348 954 2442 opinatus
970 2345 1103 2417 ultima
1119 2345 1234 2417 verba
1259 2344 1364 2416 Eleo-

136 2482 208 2539 trae
224 2467 444 2566 significari,
463 2495 539 2541 non
557 2472 755 2567 utriusque
772 2496 928 2567 precum
941 2469 1113 2541 ultimam
1130 2484 1291 2567 partem.
1308 2471 1363 2542 lta

136 2595 255 2674 enim,
275 2620 322 2665 ne
343 2593 583 2691 aequabilitas
605 2597 731 2665 omnis
752 2608 896 2692 pereat,
921 2594 1081 2666 Electrae
1104 2593 1218 2666 verba
1242 2619 1363 2692 usque

136 2716 186 2787 ad
210 2742 245 2788 v,
270 2717 339 2788 504
362 2715 602 2789 extendenda
625 2733 728 2799 sunt,
752 2719 899 2790 Orestis
923 2733 1047 2789 autem
1070 2744 1155 2815 quae
1171 2721 1364 2816 excipiant
1432 2711 1435 2718 ’

136 2840 317 2939 precihus
333 2839 436 2912 aliud
453 2843 602 2912 initium
619 2841 801 2913 dandum.
822 2846 899 2913 llao
916 2858 1041 2914 autem
1059 2844 1206 2915 ratione
1222 2846 1363 2915 reiecta

138 2964 308 3036 nondum
335 2979 381 3038 eo
407 2969 665 3063 pervenimus
696 2982 737 3039 ut
762 2992 876 3064 quam
901 2969 1067 3064 priorem
1091 2969 1364 3064 proposuimus

136 3088 251 3187 plane
274 3087 422 3161 firmata
444 3105 558 3188 atque
581 3090 750 3162 stabilita
779 3094 841 3162 sit.
868 3093 1037 3188 Apparet
1058 3106 1096 3162 et
1118 3094 1263 3189 primos
1285 3106 1364 3163 tres

137 3239 270 3285 versus
288 3217 387 3286 inter
402 3240 443 3286 se
460 3217 650 3286 artissime
667 3214 859 3298 cohaerere
875 3232 913 3287 et
929 3241 996 3287 eos
1013 3232 1091 3287 tres
1107 3218 1172 3313 qui
1189 3241 1209 3286 a
1226 3216 1297 3286 505
1311 3218 1364 3286 in-

135 3340 284 3435 cipiunt
299 3367 307 3423 ;
326 3337 392 3410 sed
410 3337 512 3436 quod
529 3338 577 3410 ad
594 3354 744 3412 eeteros
761 3343 911 3421 attinet,
930 3337 1061 3437 quidni
1080 3342 1157 3411 sic:

335 3591 406 3658 ΟΡ.
433 3597 535 3682 καὶμὴ
551 3591 694 3683 ’ξαλείψῃς
708 3593 824 3686 σπέρμα
840 3591 1009 3660 Πελοπιδῶν
1023 3591 1093 3660 τοδε.

334 3715 408 3782 ΗΑ.
437 3711 510 3783 οὕτω
523 3720 581 3810 γὰρ
595 3717 628 3783 οὐ
641 3717 774 3793 τέθνηκας
788 3715 904 3810 οὐδὲπερ
918 3719 1019 3784 θανών.

334 3839 404 3907 ΟΡ.
432 3838 529 3917 παῖδες
543 3845 601 3934 γὰρ
615 3839 696 3934 ἀνδρὶ
711 3839 840 3918 κληδόνες
855 3847 986 3934 σωτήριοι
1218 3835 1288 3906 505

435 3963 553 4032 θανόντι
572 3967 667 4055 φελλοὶ
681 3963 707 4032 δ’
722 3967 760 4042 ὣς
779 3975 881 4055 ἄγουσι
899 3963 1008 4032 δίκτυον

434 4092 481 4156 τὸν
495 4091 525 4155 ἑκ
538 4089 627 4174 βυθοῦ
640 4091 795 4183 κλωστῆρα
809 4092 945 4179 σῴζοντες
963 4092 1048 4157 λίνου.

334 4212 408 4279 ΗΛ.
436 4212 525 4279 ἄκου’·
544 4212 615 4307 ὑπὲρ
629 4220 682 4281 σοῦ
695 4211 783 4280 τοιαδ
794 4214 851 4282 ἔστ’
866 4212 1023 4307 ὀδύρματα·

335 4336 405 4404 ΟΡ.
433 4337 517 4414 αὐτὸς
534 4335 565 4403 δὲ
583 4340 663 4428 σῴζῃ
681 4335 760 4404 τόνδε
778 4344 899 4428 τιμήσας
913 4337 987 4428 γόον.

335 4460 407 4528 XO.
433 4466 482 4528 καὶ
495 4466 551 4552 μὴν
565 4466 682 4552 ἀμεμφῆ
696 4459 768 4528 τόνδ’
783 4464 918 4530 ἐτείνατον
932 4461 1014 4552 λέγον
1028 4464 1084 4529 κτὲ.
1218 4455 1289 4525 510
