<?xml version="1.0" encoding="UTF-8"?>
<!DOCTYPE html PUBLIC "-//W3C//DTD XHTML 1.0 Transitional//EN"
    "http://www.w3.org/TR/xhtml1/DTD/xhtml1-transitional.dtd">
<html xmlns="http://www.w3.org/1999/xhtml" xml:lang="en" lang="en">
 <head>
  <title>
</title>
<meta http-equiv="Content-Type" content="text/html;charset=utf-8" />
  <meta name='ocr-system' content='tesseract 3.04.00' />
  <meta name='ocr-capabilities' content='ocr_page ocr_carea ocr_par ocr_line ocrx_word'/>
</head>
<body>
  <div class='ocr_page' id='page_1' title='image "./mlangesnicolere00unkngoog/mlangesnicolere00unkngoog_0030.png"; bbox 0 0 3316 5436; ppageno 0'>
   <div class='ocr_carea' id='block_1_1' title="bbox 209 365 985 428">
    <p class='ocr_par' dir='ltr' id='par_1_1' title="bbox 209 365 985 428">
     <span class='ocr_line' id='line_1_1' title="bbox 209 365 985 428; baseline -0.005 0"><span class='ocrx_word' id='word_1_1' title='bbox 209 365 249 428; x_wconf 88' lang='lat'>12</span> <span class='ocrx_word' id='word_1_2' title='bbox 650 365 834 426; x_wconf 66' lang='lat' dir='ltr'>antinous</span> <span class='ocrx_word' id='word_1_3' title='bbox 859 381 985 425; x_wconf 75' lang='lat' dir='ltr'>utcotss</span> 
     </span>
    </p>
   </div>
   <div class='ocr_carea' id='block_1_2' title="bbox 257 527 1434 628">
    <p class='ocr_par' dir='ltr' id='par_1_2' title="bbox 257 527 1434 628">
     <span class='ocr_line' id='line_1_2' title="bbox 257 527 1434 628; baseline -0.003 -25"><span class='ocrx_word' id='word_1_4' title='bbox 257 535 353 603; x_wconf 88' lang='lat' dir='ltr'>Sunt</span> <span class='ocrx_word' id='word_1_5' title='bbox 369 556 502 602; x_wconf 88' lang='lat' dir='ltr'>versus</span> <span class='ocrx_word' id='word_1_6' title='bbox 523 533 678 628; x_wconf 84' lang='lat' dir='ltr'>triginta</span> <span class='ocrx_word' id='word_1_7' title='bbox 695 545 733 601; x_wconf 90' lang='lat' dir='ltr'>et</span> <span class='ocrx_word' id='word_1_8' title='bbox 749 555 861 611; x_wconf 85' lang='lat' dir='ltr'>unus,</span> <span class='ocrx_word' id='word_1_9' title='bbox 883 554 1006 627; x_wconf 88' lang='lat' dir='ltr'>neque</span> <span class='ocrx_word' id='word_1_10' title='bbox 1022 527 1180 599; x_wconf 92' lang='lat' dir='ltr'>dubium</span> <span class='ocrx_word' id='word_1_11' title='bbox 1197 529 1289 625; x_wconf 91' lang='lat' dir='ltr'>quin</span> <span class='ocrx_word' id='word_1_12' title='bbox 1311 553 1356 600; x_wconf 87' lang='lat' dir='ltr'>ex</span> <span class='ocrx_word' id='word_1_13' title='bbox 1377 529 1434 599; x_wconf 91' lang='lat' dir='ltr'>eis</span> 
     </span>
    </p>
   </div>
   <div class='ocr_carea' id='block_1_3' title="bbox 207 652 1524 2244">
    <p class='ocr_par' dir='ltr' id='par_1_3' title="bbox 207 652 1524 2244">
     <span class='ocr_line' id='line_1_3' title="bbox 208 652 1434 753; baseline -0.001 -28"><span class='ocrx_word' id='word_1_14' title='bbox 208 654 340 726; x_wconf 93' lang='lat' dir='ltr'>decem</span> <span class='ocrx_word' id='word_1_15' title='bbox 368 658 526 753; x_wconf 83' lang='lat' dir='ltr'>primam</span> <span class='ocrx_word' id='word_1_16' title='bbox 553 670 699 752; x_wconf 90' lang='lat' dir='ltr'>partem</span> <span class='ocrx_word' id='word_1_17' title='bbox 722 653 903 736; x_wconf 86' lang='lat' dir='ltr'>efficiant,</span> <span class='ocrx_word' id='word_1_18' title='bbox 931 655 1096 750; x_wconf 92' lang='lat' dir='ltr'>primum</span> <span class='ocrx_word' id='word_1_19' title='bbox 1120 652 1198 723; x_wconf 91' lang='lat' dir='ltr'>bini</span> <span class='ocrx_word' id='word_1_20' title='bbox 1223 654 1373 725; x_wconf 87' lang='lat' dir='ltr'>Orestis</span> <span class='ocrx_word' id='word_1_21' title='bbox 1395 667 1434 724; x_wconf 92' lang='lat' dir='ltr'>et</span> 
     </span>
     <span class='ocr_line' id='line_1_4' title="bbox 209 775 1434 876; baseline -0.002 -26"><span class='ocrx_word' id='word_1_22' title='bbox 209 779 382 861; x_wconf 82' lang='lat' dir='ltr'>Electrae‚</span> <span class='ocrx_word' id='word_1_23' title='bbox 402 778 540 850; x_wconf 92' lang='lat' dir='ltr'>deinde</span> <span class='ocrx_word' id='word_1_24' title='bbox 556 777 764 850; x_wconf 85' lang='lat' dir='ltr'>eorundem</span> <span class='ocrx_word' id='word_1_25' title='bbox 782 780 893 849; x_wconf 87' lang='lat' dir='ltr'>terni.</span> <span class='ocrx_word' id='word_1_26' title='bbox 914 775 1099 849; x_wconf 89' lang='lat' dir='ltr'>Secundae</span> <span class='ocrx_word' id='word_1_27' title='bbox 1115 779 1213 876; x_wconf 90' lang='lat' dir='ltr'>parti</span> <span class='ocrx_word' id='word_1_28' title='bbox 1230 793 1320 849; x_wconf 90' lang='lat' dir='ltr'>octo</span> <span class='ocrx_word' id='word_1_29' title='bbox 1343 779 1434 847; x_wconf 90' lang='lat' dir='ltr'>assi·</span> 
     </span>
     <span class='ocr_line' id='line_1_5' title="bbox 207 901 1524 1001; baseline -0.002 -28"><span class='ocrx_word' id='word_1_30' title='bbox 207 907 313 1001; x_wconf 84' lang='lat' dir='ltr'>gnari</span> <span class='ocrx_word' id='word_1_31' title='bbox 331 902 456 975; x_wconf 82' lang='lat' dir='ltr'>solent</span> <span class='ocrx_word' id='word_1_32' title='bbox 477 905 665 994; x_wconf 71' lang='lat' dir='ltr'>(tau-496)</span> <span class='ocrx_word' id='word_1_33' title='bbox 681 932 688 987; x_wconf 90' lang='grc'>;</span> <span class='ocrx_word' id='word_1_34' title='bbox 707 906 835 1000; x_wconf 85' lang='lat' dir='ltr'>itaque</span> <span class='ocrx_word' id='word_1_35' title='bbox 853 901 1036 973; x_wconf 79' lang='lat' dir='ltr'>tredecim</span> <span class='ocrx_word' id='word_1_36' title='bbox 1048 904 1184 973; x_wconf 88' lang='lat' dir='ltr'>tertiae.</span> <span class='ocrx_word' id='word_1_37' title='bbox 1201 904 1292 973; x_wconf 86' lang='lat' dir='ltr'>Eam</span> <span class='ocrx_word' id='word_1_38' title='bbox 1304 915 1432 972; x_wconf 90' lang='lat' dir='ltr'>autem</span> <span class='ocrx_word' id='word_1_39' title='bbox 1521 934 1524 938; x_wconf 90' lang='lat'>·</span> 
     </span>
     <span class='ocr_line' id='line_1_6' title="bbox 208 1024 1432 1124; baseline 0 -26"><span class='ocrx_word' id='word_1_40' title='bbox 208 1030 451 1124; x_wconf 79' lang='lat' dir='ltr'><strong>partitionem</strong></span> <span class='ocrx_word' id='word_1_41' title='bbox 469 1026 647 1124; x_wconf 81' lang='lat' dir='ltr'>equidem</span> <span class='ocrx_word' id='word_1_42' title='bbox 664 1026 751 1098; x_wconf 90' lang='lat' dir='ltr'>dico</span> <span class='ocrx_word' id='word_1_43' title='bbox 769 1054 842 1098; x_wconf 92' lang='lat' dir='ltr'>non</span> <span class='ocrx_word' id='word_1_44' title='bbox 861 1024 985 1098; x_wconf 91' lang='lat' dir='ltr'>solum</span> <span class='ocrx_word' id='word_1_45' title='bbox 1006 1024 1267 1123; x_wconf 88' lang='lat' dir='ltr'>aequabilitate</span> <span class='ocrx_word' id='word_1_46' title='bbox 1287 1051 1432 1109; x_wconf 80' lang='lat' dir='ltr'>carere,</span> 
     </span>
     <span class='ocr_line' id='line_1_7' title="bbox 208 1149 1435 1248; baseline -0.001 -25"><span class='ocrx_word' id='word_1_47' title='bbox 208 1151 276 1223; x_wconf 88' lang='lat' dir='ltr'>sed</span> <span class='ocrx_word' id='word_1_48' title='bbox 299 1155 412 1224; x_wconf 89' lang='lat' dir='ltr'>etiam</span> <span class='ocrx_word' id='word_1_49' title='bbox 431 1167 563 1223; x_wconf 90' lang='lat' dir='ltr'>contra</span> <span class='ocrx_word' id='word_1_50' title='bbox 582 1166 747 1223; x_wconf 89' lang='lat' dir='ltr'>mentem</span> <span class='ocrx_word' id='word_1_51' title='bbox 766 1154 925 1248; x_wconf 88' lang='lat' dir='ltr'>ipsaque</span> <span class='ocrx_word' id='word_1_52' title='bbox 941 1149 1056 1222; x_wconf 73' lang='lat' dir='ltr'>verba</span> <span class='ocrx_word' id='word_1_53' title='bbox 1079 1166 1204 1248; x_wconf 88' lang='lat' dir='ltr'>poetae</span> <span class='ocrx_word' id='word_1_54' title='bbox 1221 1153 1352 1222; x_wconf 89' lang='lat' dir='ltr'>statui.</span> <span class='ocrx_word' id='word_1_55' title='bbox 1371 1153 1435 1223; x_wconf 91' lang='lat' dir='ltr'>Sic</span> 
     </span>
     <span class='ocr_line' id='line_1_8' title="bbox 209 1274 1434 1378; baseline 0.003 -31"><span class='ocrx_word' id='word_1_56' title='bbox 209 1279 308 1347; x_wconf 87' lang='lat' dir='ltr'>enim</span> <span class='ocrx_word' id='word_1_57' title='bbox 327 1275 410 1346; x_wconf 84' lang='lat' dir='ltr'>infit</span> <span class='ocrx_word' id='word_1_58' title='bbox 427 1274 575 1347; x_wconf 81' lang='lat' dir='ltr'>Electra</span> <span class='ocrx_word' id='word_1_59' title='bbox 596 1303 631 1346; x_wconf 86' lang='lat' dir='ltr'>v.</span> <span class='ocrx_word' id='word_1_60' title='bbox 658 1277 749 1347; x_wconf 82' lang='lat'>500:</span> <span class='ocrx_word' id='word_1_61' title='bbox 774 1291 822 1351; x_wconf 82' lang='grc' dir='ltr'>καὶ</span> <span class='ocrx_word' id='word_1_62' title='bbox 845 1283 930 1358; x_wconf 76' lang='grc' dir='ltr'>τῆσδ’</span> <span class='ocrx_word' id='word_1_63' title='bbox 945 1295 1066 1351; x_wconf 79' lang='grc' dir='ltr'>ἄκουσον</span> <span class='ocrx_word' id='word_1_64' title='bbox 1087 1286 1210 1351; x_wconf 72' lang='grc' dir='ltr'>λοισθίου</span> <span class='ocrx_word' id='word_1_65' title='bbox 1229 1285 1298 1370; x_wconf 82' lang='grc' dir='ltr'><em>βοῆς</em></span> <span class='ocrx_word' id='word_1_66' title='bbox 1318 1288 1434 1378; x_wconf 71' lang='grc' dir='ltr'>πάτερ;</span> 
     </span>
     <span class='ocr_line' id='line_1_9' title="bbox 210 1399 1434 1498; baseline 0.002 -29"><span class='ocrx_word' id='word_1_67' title='bbox 210 1399 282 1472; x_wconf 91' lang='lat' dir='ltr'>hoc</span> <span class='ocrx_word' id='word_1_68' title='bbox 300 1404 417 1498; x_wconf 87' lang='lat' dir='ltr'>igitur</span> <span class='ocrx_word' id='word_1_69' title='bbox 431 1414 491 1471; x_wconf 92' lang='lat' dir='ltr'>est</span> <span class='ocrx_word' id='word_1_70' title='bbox 506 1416 684 1471; x_wconf 87' lang='lat' dir='ltr'>extremae</span> <span class='ocrx_word' id='word_1_71' title='bbox 702 1403 820 1498; x_wconf 90' lang='lat' dir='ltr'>partis</span> <span class='ocrx_word' id='word_1_72' title='bbox 837 1402 1001 1482; x_wconf 81' lang='lat' dir='ltr'>initium,</span> <span class='ocrx_word' id='word_1_73' title='bbox 1028 1402 1065 1470; x_wconf 94' lang='lat' dir='ltr'>in</span> <span class='ocrx_word' id='word_1_74' title='bbox 1091 1424 1165 1496; x_wconf 88' lang='lat' dir='ltr'>qua</span> <span class='ocrx_word' id='word_1_75' title='bbox 1190 1425 1275 1497; x_wconf 88' lang='lat' dir='ltr'>quae</span> <span class='ocrx_word' id='word_1_76' title='bbox 1300 1424 1434 1497; x_wconf 82' lang='lat' dir='ltr'>preces</span> 
     </span>
     <span class='ocr_line' id='line_1_10' title="bbox 210 1524 1434 1623; baseline 0.001 -29"><span class='ocrx_word' id='word_1_77' title='bbox 210 1524 467 1623; x_wconf 78' lang='lat' dir='ltr'>proferuntur,</span> <span class='ocrx_word' id='word_1_78' title='bbox 499 1550 632 1596; x_wconf 88' lang='lat' dir='ltr'>omnes</span> <span class='ocrx_word' id='word_1_79' title='bbox 663 1552 780 1596; x_wconf 92' lang='lat' dir='ltr'>unum</span> <span class='ocrx_word' id='word_1_80' title='bbox 818 1539 1084 1621; x_wconf 82' lang='lat' dir='ltr'>argumentum</span> <span class='ocrx_word' id='word_1_81' title='bbox 1119 1525 1346 1595; x_wconf 80' lang='lat' dir='ltr'>continent:</span> <span class='ocrx_word' id='word_1_82' title='bbox 1387 1549 1434 1595; x_wconf 92' lang='lat' dir='ltr'>ne</span> 
     </span>
     <span class='ocr_line' id='line_1_11' title="bbox 210 1647 1434 1747; baseline -0.002 -28"><span class='ocrx_word' id='word_1_83' title='bbox 210 1652 326 1747; x_wconf 89' lang='lat' dir='ltr'>stirps</span> <span class='ocrx_word' id='word_1_84' title='bbox 343 1651 518 1732; x_wconf 81' lang='lat' dir='ltr'>intereat,</span> <span class='ocrx_word' id='word_1_85' title='bbox 538 1647 840 1720; x_wconf 84' lang='lat' dir='ltr'>subveniendum</span> <span class='ocrx_word' id='word_1_86' title='bbox 857 1674 942 1720; x_wconf 87' lang='lat' dir='ltr'>esse</span> <span class='ocrx_word' id='word_1_87' title='bbox 967 1647 1110 1720; x_wconf 81' lang='lat' dir='ltr'>liberis</span> <span class='ocrx_word' id='word_1_88' title='bbox 1136 1651 1190 1719; x_wconf 84' lang='lat' dir='ltr'>Ex</span> <span class='ocrx_word' id='word_1_89' title='bbox 1211 1647 1282 1719; x_wconf 93' lang='lat' dir='ltr'>hac</span> <span class='ocrx_word' id='word_1_90' title='bbox 1306 1663 1434 1719; x_wconf 88' lang='lat' dir='ltr'>autem</span> 
     </span>
     <span class='ocr_line' id='line_1_12' title="bbox 209 1771 1434 1872; baseline 0 -28"><span class='ocrx_word' id='word_1_91' title='bbox 209 1776 414 1872; x_wconf 84' lang='lat' dir='ltr'>partitione</span> <span class='ocrx_word' id='word_1_92' title='bbox 431 1772 563 1845; x_wconf 84' lang='lat' dir='ltr'>decem</span> <span class='ocrx_word' id='word_1_93' title='bbox 577 1799 710 1845; x_wconf 83' lang='lat' dir='ltr'>versus</span> <span class='ocrx_word' id='word_1_94' title='bbox 722 1789 890 1845; x_wconf 86' lang='lat' dir='ltr'>extrema</span> <span class='ocrx_word' id='word_1_95' title='bbox 903 1798 990 1870; x_wconf 88' lang='lat' dir='ltr'>pars</span> <span class='ocrx_word' id='word_1_96' title='bbox 1001 1771 1129 1852; x_wconf 80' lang='lat' dir='ltr'>habet,</span> <span class='ocrx_word' id='word_1_97' title='bbox 1144 1771 1306 1845; x_wconf 88' lang='lat' dir='ltr'>totidem</span> <span class='ocrx_word' id='word_1_98' title='bbox 1319 1787 1434 1869; x_wconf 90' lang='lat' dir='ltr'>atque</span> 
     </span>
     <span class='ocr_line' id='line_1_13' title="bbox 210 1896 1434 1995; baseline -0.001 -28"><span class='ocrx_word' id='word_1_99' title='bbox 210 1901 353 1995; x_wconf 81' lang='lat' dir='ltr'>prima3</span> <span class='ocrx_word' id='word_1_100' title='bbox 372 1896 548 1969; x_wconf 86' lang='lat' dir='ltr'>undecim</span> <span class='ocrx_word' id='word_1_101' title='bbox 574 1896 708 1968; x_wconf 84' lang='lat' dir='ltr'>mediae</span> <span class='ocrx_word' id='word_1_102' title='bbox 730 1898 1010 1994; x_wconf 80' lang='lat' dir='ltr'>relinquuntur,</span> <span class='ocrx_word' id='word_1_103' title='bbox 1038 1923 1123 1995; x_wconf 87' lang='lat' dir='ltr'>quae</span> <span class='ocrx_word' id='word_1_104' title='bbox 1144 1912 1183 1968; x_wconf 93' lang='lat' dir='ltr'>et</span> <span class='ocrx_word' id='word_1_105' title='bbox 1209 1899 1290 1995; x_wconf 90' lang='lat' dir='ltr'>ipsa</span> <span class='ocrx_word' id='word_1_106' title='bbox 1316 1923 1434 1967; x_wconf 93' lang='lat' dir='ltr'>unum</span> 
     </span>
     <span class='ocr_line' id='line_1_14' title="bbox 210 2020 1435 2120; baseline 0 -29"><span class='ocrx_word' id='word_1_107' title='bbox 210 2020 326 2094; x_wconf 89' lang='lat' dir='ltr'>habet</span> <span class='ocrx_word' id='word_1_108' title='bbox 342 2037 622 2120; x_wconf 85' lang='lat' dir='ltr'>argumentum,</span> <span class='ocrx_word' id='word_1_109' title='bbox 648 2048 813 2120; x_wconf 79' lang='lat' dir='ltr'>pugnam</span> <span class='ocrx_word' id='word_1_110' title='bbox 841 2025 1060 2093; x_wconf 83' lang='lat' dir='ltr'>instantem.</span> <span class='ocrx_word' id='word_1_111' title='bbox 1087 2025 1218 2119; x_wconf 86' lang='lat' dir='ltr'>Neque</span> <span class='ocrx_word' id='word_1_112' title='bbox 1241 2020 1288 2092; x_wconf 89' lang='lat' dir='ltr'>ab</span> <span class='ocrx_word' id='word_1_113' title='bbox 1311 2047 1357 2092; x_wconf 93' lang='lat' dir='ltr'>eo</span> <span class='ocrx_word' id='word_1_114' title='bbox 1379 2046 1435 2091; x_wconf 92' lang='lat' dir='ltr'>ar-</span> 
     </span>
     <span class='ocr_line' id='line_1_15' title="bbox 209 2144 1432 2244; baseline -0.002 -27"><span class='ocrx_word' id='word_1_115' title='bbox 209 2161 393 2244; x_wconf 88' lang='lat' dir='ltr'>gumento</span> <span class='ocrx_word' id='word_1_116' title='bbox 410 2145 612 2218; x_wconf 89' lang='lat' dir='ltr'>discedunt</span> <span class='ocrx_word' id='word_1_117' title='bbox 629 2146 750 2217; x_wconf 84' lang='lat' dir='ltr'>ultimi</span> <span class='ocrx_word' id='word_1_118' title='bbox 769 2162 847 2219; x_wconf 88' lang='lat' dir='ltr'>tres</span> <span class='ocrx_word' id='word_1_119' title='bbox 863 2172 996 2217; x_wconf 77' lang='lat' dir='ltr'>versus</span> <span class='ocrx_word' id='word_1_120' title='bbox 1012 2144 1128 2243; x_wconf 84' lang='lat' dir='ltr'>vulgo</span> <span class='ocrx_word' id='word_1_121' title='bbox 1149 2147 1274 2218; x_wconf 91' lang='lat' dir='ltr'>Oresti</span> <span class='ocrx_word' id='word_1_122' title='bbox 1302 2144 1432 2217; x_wconf 87' lang='lat' dir='ltr'>tributi</span> 
     </span>
    </p>
   </div>
   <div class='ocr_carea' id='block_1_4' title="bbox 210 2273 422 2363">
    <p class='ocr_par' dir='ltr' id='par_1_4' title="bbox 210 2273 422 2363">
     <span class='ocr_line' id='line_1_16' title="bbox 210 2273 422 2363; baseline 0 -22"><span class='ocrx_word' id='word_1_123' title='bbox 210 2273 395 2363; x_wconf 72' lang='lat' dir='ltr'>(tor-499)</span> <span class='ocrx_word' id='word_1_124' title='bbox 415 2298 422 2341; x_wconf 80' lang='grc'>;</span> 
     </span>
    </p>
   </div>
   <div class='ocr_carea' id='block_1_5' title="bbox 528 2505 1075 2597">
    <p class='ocr_par' dir='ltr' id='par_1_5' title="bbox 528 2505 1075 2597">
     <span class='ocr_line' id='line_1_17' title="bbox 528 2505 1075 2597; baseline -0.002 -24"><span class='ocrx_word' id='word_1_125' title='bbox 528 2518 586 2580; x_wconf 75' lang='grc' dir='ltr'>ἤτοι</span> <span class='ocrx_word' id='word_1_126' title='bbox 604 2505 682 2579; x_wconf 79' lang='grc' dir='ltr'><em>δίκην</em></span> <span class='ocrx_word' id='word_1_127' title='bbox 701 2509 781 2573; x_wconf 71' lang='grc' dir='ltr'>ἴαλλε</span> <span class='ocrx_word' id='word_1_128' title='bbox 799 2509 956 2597; x_wconf 73' lang='grc' dir='ltr'>σύμμαχον</span> <span class='ocrx_word' id='word_1_129' title='bbox 975 2509 1075 2596; x_wconf 77' lang='grc' dir='ltr'>φίλοις,</span> 
     </span>
    </p>
   </div>
   <div class='ocr_carea' id='block_1_6' title="bbox 869 2631 1115 2717">
    <p class='ocr_par' dir='ltr' id='par_1_6' title="bbox 869 2631 1115 2717">
     <span class='ocr_line' id='line_1_18' title="bbox 869 2631 1115 2717; baseline -0.008 -19"><span class='ocrx_word' id='word_1_130' title='bbox 869 2631 987 2716; x_wconf 70' lang='grc' dir='ltr'><strong><em>βλάβας</em></strong></span> <span class='ocrx_word' id='word_1_131' title='bbox 1006 2631 1115 2717; x_wconf 62' lang='grc' dir='ltr'>λαβεῖν,</span> 
     </span>
    </p>
   </div>
   <div class='ocr_carea' id='block_1_7' title="bbox 527 2755 1120 2848">
    <p class='ocr_par' dir='ltr' id='par_1_7' title="bbox 527 2755 1120 2848">
     <span class='ocr_line' id='line_1_19' title="bbox 527 2755 1120 2848; baseline 0 -27"><span class='ocrx_word' id='word_1_132' title='bbox 527 2767 604 2848; x_wconf 77' lang='grc' dir='ltr'>εἴπερ</span> <span class='ocrx_word' id='word_1_133' title='bbox 622 2760 769 2848; x_wconf 71' lang='grc' dir='ltr'>κρατηθείς</span> <span class='ocrx_word' id='word_1_134' title='bbox 787 2755 1005 2845; x_wconf 73' lang='grc' dir='ltr'>γὀὶντινικῆσαι</span> <span class='ocrx_word' id='word_1_135' title='bbox 1025 2756 1120 2832; x_wconf 60' lang='lat' dir='ltr'>isiae.</span> 
     </span>
    </p>
   </div>
   <div class='ocr_carea' id='block_1_8' title="bbox 210 3013 1437 4479">
    <p class='ocr_par' dir='ltr' id='par_1_8' title="bbox 210 3013 1437 4479">
     <span class='ocr_line' id='line_1_20' title="bbox 259 3013 1431 3111; baseline -0.003 -26"><span class='ocrx_word' id='word_1_136' title='bbox 259 3017 299 3085; x_wconf 87' lang='lat' dir='ltr'>in</span> <span class='ocrx_word' id='word_1_137' title='bbox 313 3013 483 3085; x_wconf 92' lang='lat' dir='ltr'>secundo</span> <span class='ocrx_word' id='word_1_138' title='bbox 495 3039 605 3085; x_wconf 86' lang='lat' dir='ltr'>versu</span> <span class='ocrx_word' id='word_1_139' title='bbox 619 3017 805 3086; x_wconf 89' lang='lat' dir='ltr'>Canterus</span> <span class='ocrx_word' id='word_1_140' title='bbox 816 3022 912 3107; x_wconf 75' lang='grc' dir='ltr'><strong><em>λαβὰς</em></strong></span> <span class='ocrx_word' id='word_1_141' title='bbox 923 3016 1078 3111; x_wconf 84' lang='lat' dir='ltr'>scripsit</span> <span class='ocrx_word' id='word_1_142' title='bbox 1089 3039 1159 3110; x_wconf 92' lang='lat' dir='ltr'>pro</span> <span class='ocrx_word' id='word_1_143' title='bbox 1169 3021 1298 3107; x_wconf 66' lang='grc' dir='ltr'><strong><em>βλάβας,</em></strong></span> <span class='ocrx_word' id='word_1_144' title='bbox 1317 3038 1431 3110; x_wconf 92' lang='lat' dir='ltr'>quem</span> 
     </span>
     <span class='ocr_line' id='line_1_21' title="bbox 211 3137 1435 3231; baseline 0 -23"><span class='ocrx_word' id='word_1_145' title='bbox 211 3137 320 3210; x_wconf 91' lang='lat' dir='ltr'>multi</span> <span class='ocrx_word' id='word_1_146' title='bbox 338 3140 456 3209; x_wconf 91' lang='lat' dir='ltr'>secuti</span> <span class='ocrx_word' id='word_1_147' title='bbox 475 3154 576 3210; x_wconf 90' lang='lat' dir='ltr'>sunt.</span> <span class='ocrx_word' id='word_1_148' title='bbox 595 3142 735 3211; x_wconf 84' lang='lat' dir='ltr'>Verum</span> <span class='ocrx_word' id='word_1_149' title='bbox 756 3146 849 3231; x_wconf 71' lang='grc' dir='ltr'><em>λαβὴν</em></span> <span class='ocrx_word' id='word_1_150' title='bbox 875 3145 991 3230; x_wconf 78' lang='grc' dir='ltr'>διδόναι,</span> <span class='ocrx_word' id='word_1_151' title='bbox 1016 3163 1035 3207; x_wconf 90' lang='lat' dir='ltr'>a</span> <span class='ocrx_word' id='word_1_152' title='bbox 1060 3137 1293 3209; x_wconf 82' lang='lat' dir='ltr'>luctantibus</span> <span class='ocrx_word' id='word_1_153' title='bbox 1314 3152 1435 3209; x_wconf 87' lang='lat' dir='ltr'>trans·</span> 
     </span>
     <span class='ocr_line' id='line_1_22' title="bbox 211 3261 1431 3361; baseline 0.001 -29"><span class='ocrx_word' id='word_1_154' title='bbox 211 3262 354 3334; x_wconf 90' lang='lat' dir='ltr'>latione</span> <span class='ocrx_word' id='word_1_155' title='bbox 367 3277 532 3360; x_wconf 83' lang='lat' dir='ltr'>sumpta,</span> <span class='ocrx_word' id='word_1_156' title='bbox 547 3264 676 3361; x_wconf 89' lang='lat' dir='ltr'>potius</span> <span class='ocrx_word' id='word_1_157' title='bbox 688 3276 747 3333; x_wconf 86' lang='lat' dir='ltr'>est</span> <span class='ocrx_word' id='word_1_158' title='bbox 759 3262 976 3333; x_wconf 85' lang='lat' dir='ltr'>adversario</span> <span class='ocrx_word' id='word_1_159' title='bbox 989 3265 1231 3333; x_wconf 89' lang='lat' dir='ltr'>occasionem</span> <span class='ocrx_word' id='word_1_160' title='bbox 1245 3261 1431 3358; x_wconf 75' lang='lat' dir='ltr'>praebere,</span> 
     </span>
     <span class='ocr_line' id='line_1_23' title="bbox 211 3384 1434 3484; baseline -0.002 -26"><span class='ocrx_word' id='word_1_161' title='bbox 211 3386 313 3484; x_wconf 89' lang='lat' dir='ltr'>quod</span> <span class='ocrx_word' id='word_1_162' title='bbox 333 3388 486 3458; x_wconf 91' lang='lat' dir='ltr'>minime</span> <span class='ocrx_word' id='word_1_163' title='bbox 502 3402 632 3484; x_wconf 89' lang='lat' dir='ltr'>aptum</span> <span class='ocrx_word' id='word_1_164' title='bbox 650 3402 709 3458; x_wconf 88' lang='lat' dir='ltr'>est</span> <span class='ocrx_word' id='word_1_165' title='bbox 726 3386 813 3458; x_wconf 90' lang='lat' dir='ltr'>huic</span> <span class='ocrx_word' id='word_1_166' title='bbox 831 3385 930 3458; x_wconf 88' lang='lat' dir='ltr'>loco.</span> <span class='ocrx_word' id='word_1_167' title='bbox 950 3389 1181 3483; x_wconf 89' lang='lat' dir='ltr'>Comparant</span> <span class='ocrx_word' id='word_1_168' title='bbox 1201 3384 1304 3483; x_wconf 91' lang='lat' dir='ltr'>quod</span> <span class='ocrx_word' id='word_1_169' title='bbox 1321 3400 1380 3456; x_wconf 90' lang='lat' dir='ltr'>est</span> <span class='ocrx_word' id='word_1_170' title='bbox 1397 3388 1434 3455; x_wconf 95' lang='lat' dir='ltr'>in</span> 
     </span>
     <span class='ocr_line' id='line_1_24' title="bbox 213 3509 1437 3612; baseline 0.003 -31"><span class='ocrx_word' id='word_1_171' title='bbox 213 3510 383 3582; x_wconf 82' lang='lat' dir='ltr'>Platonis</span> <span class='ocrx_word' id='word_1_172' title='bbox 394 3509 554 3583; x_wconf 85' lang='lat' dir='ltr'>Phaedro</span> <span class='ocrx_word' id='word_1_173' title='bbox 571 3513 654 3593; x_wconf 67' lang='lat' dir='ltr'>(23ss</span> <span class='ocrx_word' id='word_1_174' title='bbox 672 3514 713 3604; x_wconf 85' lang='lat' dir='ltr'>B)</span> <span class='ocrx_word' id='word_1_175' title='bbox 728 3538 734 3580; x_wconf 75' lang='grc' dir='ltr'>ἱ</span> <span class='ocrx_word' id='word_1_176' title='bbox 753 3525 817 3612; x_wconf 79' lang='grc' dir='ltr'>περὶ</span> <span class='ocrx_word' id='word_1_177' title='bbox 831 3521 882 3609; x_wconf 81' lang='grc' dir='ltr'>μὲν</span> <span class='ocrx_word' id='word_1_178' title='bbox 896 3521 994 3586; x_wconf 69' lang='grc' dir='ltr'>τοὺτου</span> <span class='ocrx_word' id='word_1_179' title='bbox 1008 3516 1032 3584; x_wconf 83' lang='grc' dir='ltr'><strong>ὦ</strong></span> <span class='ocrx_word' id='word_1_180' title='bbox 1046 3521 1109 3608; x_wconf 66' lang='lat' dir='ltr'>(pita</span> <span class='ocrx_word' id='word_1_181' title='bbox 1123 3531 1160 3595; x_wconf 73' lang='grc' dir='ltr'>εἰς</span> <span class='ocrx_word' id='word_1_182' title='bbox 1174 3523 1225 3595; x_wconf 83' lang='grc' dir='ltr'>τὰς</span> <span class='ocrx_word' id='word_1_183' title='bbox 1234 3521 1331 3608; x_wconf 80' lang='grc' dir='ltr'>ὁμοίας</span> <span class='ocrx_word' id='word_1_184' title='bbox 1341 3518 1437 3604; x_wconf 71' lang='grc' dir='ltr'>λαβὰς</span> 
     </span>
     <span class='ocr_line' id='line_1_25' title="bbox 210 3633 1434 3732; baseline -0.007 -22"><span class='ocrx_word' id='word_1_185' title='bbox 210 3645 369 3727; x_wconf 74' lang='grc' dir='ltr'>ἐλήλυθας;</span> <span class='ocrx_word' id='word_1_186' title='bbox 391 3634 457 3706; x_wconf 89' lang='lat' dir='ltr'>sed</span> <span class='ocrx_word' id='word_1_187' title='bbox 483 3634 518 3705; x_wconf 91' lang='lat' dir='ltr'>id</span> <span class='ocrx_word' id='word_1_188' title='bbox 541 3650 579 3706; x_wconf 94' lang='lat' dir='ltr'>et</span> <span class='ocrx_word' id='word_1_189' title='bbox 602 3638 727 3732; x_wconf 87' lang='lat' dir='ltr'>ipsum</span> <span class='ocrx_word' id='word_1_190' title='bbox 750 3650 834 3706; x_wconf 90' lang='lat' dir='ltr'>est:</span> <span class='ocrx_word' id='word_1_191' title='bbox 856 3633 947 3704; x_wconf 91' lang='lat' dir='ltr'>mihi</span> <span class='ocrx_word' id='word_1_192' title='bbox 970 3636 1212 3705; x_wconf 84' lang='lat' dir='ltr'>occasionem</span> <span class='ocrx_word' id='word_1_193' title='bbox 1237 3634 1434 3731; x_wconf 84' lang='lat' dir='ltr'>praebuisti</span> 
     </span>
     <span class='ocr_line' id='line_1_26' title="bbox 212 3757 1437 3856; baseline -0.003 -26"><span class='ocrx_word' id='word_1_194' title='bbox 212 3758 343 3830; x_wconf 92' lang='lat' dir='ltr'>utendi</span> <span class='ocrx_word' id='word_1_195' title='bbox 361 3775 494 3831; x_wconf 89' lang='lat' dir='ltr'>contra</span> <span class='ocrx_word' id='word_1_196' title='bbox 513 3775 549 3831; x_wconf 90' lang='lat' dir='ltr'>te</span> <span class='ocrx_word' id='word_1_197' title='bbox 565 3758 698 3831; x_wconf 90' lang='lat' dir='ltr'>eadem</span> <span class='ocrx_word' id='word_1_198' title='bbox 717 3762 864 3831; x_wconf 88' lang='lat' dir='ltr'>ratione</span> <span class='ocrx_word' id='word_1_199' title='bbox 880 3785 952 3856; x_wconf 90' lang='lat' dir='ltr'>qua</span> <span class='ocrx_word' id='word_1_200' title='bbox 976 3773 1015 3830; x_wconf 93' lang='lat' dir='ltr'>tu</span> <span class='ocrx_word' id='word_1_201' title='bbox 1038 3761 1074 3828; x_wconf 91' lang='lat' dir='ltr'>in</span> <span class='ocrx_word' id='word_1_202' title='bbox 1100 3784 1159 3829; x_wconf 91' lang='lat' dir='ltr'>mc</span> <span class='ocrx_word' id='word_1_203' title='bbox 1176 3784 1267 3829; x_wconf 87' lang='lat' dir='ltr'>usus</span> <span class='ocrx_word' id='word_1_204' title='bbox 1293 3784 1347 3829; x_wconf 92' lang='lat' dir='ltr'>es.</span> <span class='ocrx_word' id='word_1_205' title='bbox 1375 3757 1437 3831; x_wconf 91' lang='lat' dir='ltr'>Ul·</span> 
     </span>
     <span class='ocr_line' id='line_1_27' title="bbox 211 3882 1437 3973; baseline -0.002 -18"><span class='ocrx_word' id='word_1_206' title='bbox 211 3885 355 3955; x_wconf 91' lang='lat' dir='ltr'>tionem</span> <span class='ocrx_word' id='word_1_207' title='bbox 373 3898 500 3956; x_wconf 92' lang='lat' dir='ltr'>autem</span> <span class='ocrx_word' id='word_1_208' title='bbox 518 3884 721 3955; x_wconf 79' lang='lat' dir='ltr'>manifesto</span> <span class='ocrx_word' id='word_1_209' title='bbox 738 3883 883 3954; x_wconf 91' lang='lat' dir='ltr'>indicat</span> <span class='ocrx_word' id='word_1_210' title='bbox 898 3890 1017 3973; x_wconf 65' lang='grc' dir='ltr'>αότιδος,</span> <span class='ocrx_word' id='word_1_211' title='bbox 1040 3897 1079 3953; x_wconf 93' lang='lat' dir='ltr'>ut</span> <span class='ocrx_word' id='word_1_212' title='bbox 1097 3884 1132 3951; x_wconf 94' lang='lat' dir='ltr'>in</span> <span class='ocrx_word' id='word_1_213' title='bbox 1156 3885 1264 3953; x_wconf 83' lang='lat' dir='ltr'>Eum.</span> <span class='ocrx_word' id='word_1_214' title='bbox 1289 3882 1374 3964; x_wconf 70' lang='lat'>264,</span> <span class='ocrx_word' id='word_1_215' title='bbox 1398 3894 1437 3953; x_wconf 89' lang='lat' dir='ltr'>et</span> 
     </span>
     <span class='ocr_line' id='line_1_28' title="bbox 210 4004 1437 4106; baseline -0.004 -23"><span class='ocrx_word' id='word_1_216' title='bbox 210 4016 310 4103; x_wconf 68' lang='grc' dir='ltr'><strong><em>βλάβη</em></strong></span> <span class='ocrx_word' id='word_1_217' title='bbox 339 4008 567 4080; x_wconf 90' lang='lat' dir='ltr'>vocabulum</span> <span class='ocrx_word' id='word_1_218' title='bbox 593 4024 652 4081; x_wconf 93' lang='lat' dir='ltr'>est</span> <span class='ocrx_word' id='word_1_219' title='bbox 681 4034 794 4106; x_wconf 87' lang='lat' dir='ltr'>quam</span> <span class='ocrx_word' id='word_1_220' title='bbox 827 4010 988 4078; x_wconf 87' lang='lat' dir='ltr'>maxime</span> <span class='ocrx_word' id='word_1_221' title='bbox 1012 4004 1282 4104; x_wconf 73' lang='lat' dir='ltr'>Aeschyleum</span> <span class='ocrx_word' id='word_1_222' title='bbox 1312 4032 1437 4103; x_wconf 92' lang='lat' dir='ltr'>neque</span> 
     </span>
     <span class='ocr_line' id='line_1_29' title="bbox 212 4129 1437 4230; baseline -0.001 -26"><span class='ocrx_word' id='word_1_223' title='bbox 212 4134 323 4204; x_wconf 91' lang='lat' dir='ltr'>estin</span> <span class='ocrx_word' id='word_1_224' title='bbox 348 4159 459 4205; x_wconf 87' lang='lat' dir='ltr'>versu</span> <span class='ocrx_word' id='word_1_225' title='bbox 481 4136 684 4230; x_wconf 90' lang='lat' dir='ltr'>quicquam</span> <span class='ocrx_word' id='word_1_226' title='bbox 701 4131 760 4204; x_wconf 90' lang='lat' dir='ltr'>vel</span> <span class='ocrx_word' id='word_1_227' title='bbox 777 4130 929 4203; x_wconf 90' lang='lat' dir='ltr'>obscuri</span> <span class='ocrx_word' id='word_1_228' title='bbox 948 4129 1007 4201; x_wconf 79' lang='lat' dir='ltr'>vei</span> <span class='ocrx_word' id='word_1_229' title='bbox 1024 4129 1178 4214; x_wconf 83' lang='lat' dir='ltr'>detorti,</span> <span class='ocrx_word' id='word_1_230' title='bbox 1198 4155 1323 4227; x_wconf 90' lang='lat' dir='ltr'>neque</span> <span class='ocrx_word' id='word_1_231' title='bbox 1346 4155 1437 4203; x_wconf 90' lang='lat' dir='ltr'>vero</span> 
     </span>
     <span class='ocr_line' id='line_1_30' title="bbox 212 4252 1436 4352; baseline -0.003 -25"><span class='ocrx_word' id='word_1_232' title='bbox 212 4255 419 4329; x_wconf 89' lang='lat' dir='ltr'>scholiasta</span> <span class='ocrx_word' id='word_1_233' title='bbox 436 4256 508 4328; x_wconf 91' lang='lat' dir='ltr'>alia</span> <span class='ocrx_word' id='word_1_234' title='bbox 530 4255 649 4328; x_wconf 81' lang='lat' dir='ltr'>iorma</span> <span class='ocrx_word' id='word_1_235' title='bbox 666 4282 752 4327; x_wconf 92' lang='lat' dir='ltr'>eum</span> <span class='ocrx_word' id='word_1_236' title='bbox 770 4255 885 4352; x_wconf 88' lang='lat' dir='ltr'>legit:</span> <span class='ocrx_word' id='word_1_237' title='bbox 904 4269 921 4338; x_wconf 72' lang='grc' dir='ltr'>ἡ</span> <span class='ocrx_word' id='word_1_238' title='bbox 936 4265 973 4330; x_wconf 79' lang='grc' dir='ltr'>σὺ</span> <span class='ocrx_word' id='word_1_239' title='bbox 987 4261 1110 4330; x_wconf 75' lang='grc' dir='ltr'>κόλασον</span> <span class='ocrx_word' id='word_1_240' title='bbox 1119 4263 1231 4339; x_wconf 69' lang='grc' dir='ltr'>αὐτούς.</span> <span class='ocrx_word' id='word_1_241' title='bbox 1244 4252 1319 4326; x_wconf 90' lang='lat' dir='ltr'>Sed</span> <span class='ocrx_word' id='word_1_242' title='bbox 1333 4252 1436 4325; x_wconf 90' lang='lat' dir='ltr'>aliud</span> 
     </span>
     <span class='ocr_line' id='line_1_31' title="bbox 212 4377 1435 4479; baseline -0.002 -28"><span class='ocrx_word' id='word_1_243' title='bbox 212 4379 405 4479; x_wconf 82' lang='lat' dir='ltr'>displicet,</span> <span class='ocrx_word' id='word_1_244' title='bbox 438 4379 540 4479; x_wconf 93' lang='lat' dir='ltr'>quod</span> <span class='ocrx_word' id='word_1_245' title='bbox 571 4407 656 4452; x_wconf 88' lang='lat' dir='ltr'>cum</span> <span class='ocrx_word' id='word_1_246' title='bbox 682 4380 889 4452; x_wconf 89' lang='lat' dir='ltr'>disiunctio</span> <span class='ocrx_word' id='word_1_247' title='bbox 916 4381 1027 4450; x_wconf 92' lang='lat' dir='ltr'>sitin</span> <span class='ocrx_word' id='word_1_248' title='bbox 1058 4377 1117 4449; x_wconf 85' lang='lat' dir='ltr'>his</span> <span class='ocrx_word' id='word_1_249' title='bbox 1142 4377 1331 4461; x_wconf 81' lang='lat' dir='ltr'>versibus,</span> <span class='ocrx_word' id='word_1_250' title='bbox 1359 4404 1435 4450; x_wconf 91' lang='lat' dir='ltr'>non</span> 
     </span>
    </p>
   </div>
   <div class='ocr_carea' id='block_1_9' title="bbox 0 0 1665 5436">
    <p class='ocr_par' dir='ltr' id='par_1_9' title="bbox 0 0 1665 5436">
     <span class='ocr_line' id='line_1_32' title="bbox 0 0 1665 5436; baseline 0 0"><span class='ocrx_word' id='word_1_251' title='bbox 0 0 1665 5436; x_wconf 95' lang='lat' dir='ltr'> </span> 
     </span>
    </p>
   </div>
  </div>
 </body>
</html>
