3316 5436
568 542 754 588 rnrsnmca
781 543 884 588 mass
1296 523 1336 586 19

106 707 277 765 extrema
289 691 373 763 haee
394 694 430 762 in
447 689 620 764 ordinem
634 717 743 763 suum
758 690 932 790 redigere
943 690 1174 763 studuimus.
1196 695 1334 762 l'erum

107 819 282 916 proxima
312 818 439 913 priora
465 815 714 888 vehementer
745 818 905 888 invitare
927 814 1118 888 videntur.
1150 815 1338 889 Praeeedit

109 956 238 1013 autem
255 939 345 1012 inde
360 967 380 1012 a
397 967 434 1013 v.
456 941 526 1012 423
543 942 662 1012 series
679 939 855 1038 quaedam
871 940 1114 1038 stropharum
1132 939 1205 1012 hoe
1223 939 1337 1013 modo

110 1092 229 1139 nexa:
248 1092 272 1136 a
287 1066 463 1150 423-433,
482 1066 695 1147 otta-438,
714 1066 749 1138 b'
768 1067 942 1148 439-443‚
961 1065 997 1136 α’
1016 1067 1191 1136 tlt-455.
1210 1064 1336 1136 Alium

111 1206 240 1263 autem
266 1188 441 1263 ordinem
466 1189 614 1262 induxit
634 1193 684 1264 W
689 1190 969 1268 ilamowitzius,
991 1189 1123 1261 Weilii
1144 1188 1337 1287 quandam

111 1328 281 1388 veterem
307 1317 567 1387 coniecturam
593 1315 819 1413 amplexus:
847 1315 931 1386 abe
952 1314 1067 1386 a'b'e'
1086 1346 1098 1397 ‚·
1124 1340 1261 1412 nempe
1287 1315 1335 1397 ε’,

112 1438 152 1510 id
168 1455 227 1512 est
243 1441 393 1512 Orestis
413 1438 610 1537 stropham
634 1441 810 1524 439-443,
835 1439 922 1511 loco
939 1454 1085 1511 'motam
1112 1441 1148 1509 in
1170 1454 1339 1510 extrema

113 1563 184 1635 hae
200 1580 308 1663 parte
325 1563 551 1648 collocavit3
570 1590 700 1635 verum
718 1591 804 1636 eum
826 1578 1074 1661 excepturum
1095 1565 1146 1635 sit
1166 1561 1339 1635 eiusdem

112 1690 262 1762 Orestis
279 1687 372 1760 illud
390 1717 396 1758 :
414 1699 448 1765 σέ
465 1725 506 1765 τοι
525 1699 610 1789 λέγω,
631 1697 764 1788 ξυγμνοῦ
782 1702 873 1791 πάτερ
892 1700 992 1788 φιλοις,
1013 1690 1113 1759 inter
1132 1686 1213 1759 liaee
1234 1686 1340 1760 chori

113 1812 303 1912 quosdam
320 1828 549 1910 anapaestos
572 1816 733 1910 periisse
757 1815 904 1885 statuit.
928 1811 1052 1886 Verba
1073 1812 1213 1909 quibus
1234 1836 1340 1884 eom-

113 1953 241 2011 motus
258 1936 350 2010 talia
366 1963 482 2009 ausus
498 1953 557 2010 est
573 1937 654 2009 haee
672 1953 775 2017 sunt,
794 1939 955 2009 tot-438
974 1963 982 2007 :

434 2133 506 2201 ΟΡ.
533 2137 564 2201 τὸ
578 2147 636 2202 πᾶν
651 2138 758 2224 ἀτίμως
772 2133 883 2217 ἔλεξας,
899 2144 980 2224 οἴμοι.

537 2263 645 2352 πατρὸς
658 2257 684 2326 δ’
699 2263 838 2348 στήσωσιν
852 2257 912 2352 ἆρα
926 2262 1020 2341 τείσει,
1198 2249 1269 2318 435

539 2389 617 2450 ἕκατι
631 2385 682 2474 μὲν
695 2381 848 2473 δαιμόνων,

538 2513 616 2576 ἕκατι
630 2507 655 2574 δ’
671 2514 749 2598 ἀμᾶν
763 2519 868 2601 χερῶν.

540 2632 623 2700 ἔπειτ’
639 2635 695 2723 ἐγὼ
709 2636 847 2723 νοσφίσας
860 2635 986 2722 ὀλοίμαν.

169 2821 254 2914 Ἄρα
262 2824 345 2887 τείσει
356 2825 510 2883 vertunt
527 2840 544 2880 (ι
559 2809 732 2907 prolecto
744 2836 877 2909 poenas
889 2807 1038 2891 dabit»;
1058 2811 1187 2906 itaque
1199 2823 1258 2880 est
1270 2811 1343 2879 iam

117 2939 278 3009 Orestes
294 2934 340 3006 ad
365 2934 549 3007 ultionem
572 2934 797 3007 sumendam
821 2949 975 3031 paratus
996 2948 1110 3030 atque
1135 2935 1263 3005 animo
1284 2931 1345 3003 fir-

119 3076 261 3143 matim,
279 3063 334 3132 eis
352 3086 489 3158 nempe
510 3086 594 3157 qum
619 3059 734 3131 modo
756 3059 906 3131 Electra
928 3057 975 3129 de
997 3058 1223 3130 inhonorata
1247 3061 1346 3153 Aga·

120 3187 336 3257 memnonis
362 3184 558 3283 sepultura
585 3211 652 3282 per
671 3185 975 3282 Clytaemestram
1003 3182 1100 3254 laeta
1127 3197 1347 3253 narraverat

119 3312 205 3402 (429
223 3318 336 3407 sqq).
357 3313 393 3382 Si
412 3324 539 3381 autem
562 3323 715 3406 paratus
733 3323 805 3389 est,
832 3334 906 3379 non
928 3322 988 3379 est
1009 3333 1076 3378 cur
1097 3306 1235 3378 chorus
1259 3332 1345 3377 eum

122 3436 282 3504 incitare
299 3450 433 3531 pergat
449 3433 534 3504 aliis
560 3431 784 3504 l'oedioribus
810 3435 984 3512 narratis,
1009 3433 1080 3503 439
1101 3457 1186 3528 sqq.
1209 3442 1349 3529 ἐμασχα-

120 3569 205 3639 λίσθγ,
218 3565 256 3650 δ’,
278 3567 320 3633 ἔν’
341 3570 379 3643 ὡς
400 3565 456 3633 τόδ’
476 3565 548 3656 εὲδῇς
569 3568 639 3648 zie,
664 3555 731 3629 sed
757 3555 838 3627 haec
862 3558 1096 3628 coniunctim
1120 3553 1348 3652 proferenda

122 3697 214 3754 sunt
237 3708 323 3754 cum
349 3681 508 3753 Electrae
535 3684 766 3766 narratione,
792 3683 941 3754 Orestis
968 3696 1093 3751 autem
1118 3678 1245 3750 verbis
1268 3693 1349 3749 tota

123 3805 205 3878 haee
222 3809 342 3878 series
358 3805 584 3878 claudenda.
604 3809 721 3877 Recte
734 3805 916 3878 sunthaee
932 3803 1139 3903 disputata,
1159 3801 1275 3874 modo
1287 3827 1349 3874 ve·

124 3958 208 4003 rum
235 3933 284 4001 sit
309 3934 485 4004 Orestem
511 3930 637 4002 verbis
663 3956 748 4027 quae
774 3932 931 4028 ascripsi
964 3931 1132 4000 animum
1157 3925 1349 3997 firmatum

124 4056 406 4153 consiliumque
423 4069 569 4126 certum
586 4053 797 4126 declarare.
818 4052 892 4124 Sed
910 4052 1010 4124 unde
1027 4049 1182 4123 tandem
1198 4058 1258 4152 alpoz
1268 4062 1351 4125 τείσει

125 4195 185 4251 est
212 4179 423 4276 «prolecto
447 4205 581 4276 poenas
607 4177 713 4249 dabit
733 4179 783 4248 »l
809 4180 957 4248 Ponant
982 4190 1166 4272 punctum
1189 4172 1352 4271 simplex

124 4302 296 4376 editores
312 4320 400 4402 post
416 4324 511 4407 χερῶν
527 4305 611 4380 437.
630 4318 757 4374 tamen
781 4328 856 4373 non
877 4299 1028 4372 desinet
1050 4324 1135 4371 esse
1155 4305 1215 4400 ἆρα
1236 4299 1352 4368 inter-

128 4427 288 4527 rogandi
311 4428 511 4526 particula,
536 4453 660 4525 neque
681 4426 835 4498 desinet
857 4433 917 4528 ἄρα
936 4437 1018 4501 τείσει
1038 4449 1123 4495 esse
1146 4421 1205 4493 vel
1230 4450 1246 4490 (ι
1262 4447 1352 4492 num

127 4552 266 4624 dabit»
286 4552 346 4624 vel
365 4580 379 4618 ιι
396 4578 523 4625 nonne
539 4550 693 4623 dabit».
715 4553 817 4622 lnter
827 4548 995 4622 editores
1008 4573 1105 4620 unus
1117 4545 1221 4644 quod
1235 4548 1354 4617 seiam
