3406 5438
325 455 365 520 14
768 453 951 516 mitaneas
976 470 1102 516 amona

374 620 520 694 Similia
536 619 618 692 haec
635 644 802 718 quoque,
821 621 893 690 etsi
911 644 987 690 non
1004 619 1144 690 verbis.

522 833 595 902 ΟΡ.
624 831 672 928 ἆρ’
688 832 810 927 ἐξεγείρῃ
828 831 915 900 τοῖσδ’
930 831 1063 899 arcticon
1076 836 1188 927 ποίτεμ
1406 826 1476 897 495

521 957 597 1026 ΗΛ.
625 955 673 1052 ἆρ’
693 960 773 1051 ὀρθὸν
788 968 875 1051 αἴρεις
889 959 1023 1048 φίλτατον
1037 959 1068 1024 τὸ
1086 960 1136 1024 σὸν
1149 961 1248 1052 κοίρας

375 1157 458 1225 Non
471 1153 568 1225 bene
579 1156 629 1225 W
634 1153 899 1225 ilamowitzius
914 1163 1074 1252 φιλτάτοισι
1083 1165 1133 1229 σὸν
1142 1165 1221 1256 κάρα
1234 1181 1242 1235 ;
1262 1156 1432 1250 proximo
1449 1157 1549 1224 enim

325 1303 437 1350 versu
453 1277 579 1350 eidem
595 1293 707 1350 erunt
721 1289 808 1377 φῦοι,
824 1280 889 1375 qui
913 1276 1026 1350 modo
1047 1277 1348 1377 sueruntcsararor.
1363 1280 1551 1375 Frequen-

325 1405 517 1474 tissimum
541 1416 601 1475 est
624 1415 655 1479 τὸ
680 1410 731 1478 σόν
757 1401 858 1500 apud
883 1400 1129 1500 Aeschylum,
1154 1417 1193 1474 et
1216 1404 1340 1500 ipsum
1355 1414 1387 1479 τὸ
1405 1414 1455 1479 σὸν
1473 1415 1552 1505 κάρα

326 1526 512 1599 habemns
527 1528 599 1625 Ag.
622 1529 727 1599 1615.

522 1739 593 1808 ΟΡ.
622 1751 680 1813 ἤτοι
694 1739 772 1813 δίκην
791 1742 871 1807 faiis
889 1742 1046 1830 σύμμαχον
1060 1743 1149 1830 <prinis
1408 1732 1478 1805 497

375 2060 434 2130 Ab
461 2079 479 2143 ἥ
503 2074 663 2157 uterque
687 2085 818 2131 versus
844 2062 990 2156 incipit.
1019 2062 1114 2130 Tum
1138 2074 1179 2131 ut
1205 2059 1359 2131 liniatur
1379 2072 1552 2158 στιχομυθία

328 2186 485 2257 Orestes
505 2211 512 2254 :

523 2397 595 2466 ΟΡ.
623 2408 700 2490 εἴπερ
714 2402 861 2490 κρατηθείς
875 2398 902 2488 γ’
911 2404 1086 2470 ἀντινικῆσαι
1105 2397 1200 2474 tetra.

377 2592 488 2687 Quod
505 2592 552 2665 ad
571 2592 730 2665 Medicei
752 2593 897 2665 codicis
917 2592 1163 2665 traditionem
1179 2594 1331 2674 attinet,
1360 2595 1433 2663 iam
1464 2592 1551 2664 inde

329 2719 434 2790 a497
451 2733 489 2789 et
505 2742 625 2815 usque
650 2716 696 2788 ad
721 2719 790 2788 513
812 2720 843 2788 is
865 2717 988 2788 nullas
1012 2743 1261 2814 personarum
1286 2732 1396 2789 notas
1420 2715 1548 2800 habet,

328 2868 412 2940 quae
429 2868 563 2914 omnes
580 2856 669 2913 sunt
683 2840 887 2913 editorum.

377 2973 530 3046 Accede
547 2973 593 3045 ad
612 2989 756 3072 partem
775 2977 940 3056 tertiam,
964 3000 1048 3071 qnae
1072 2977 1126 3045 sic
1150 2988 1209 3045 est
1231 2989 1270 3046 et
1290 2971 1389 3072 apud
1414 2973 1551 3045 Kirch-

328 3098 486 3171 hoffinm
503 3115 542 3170 et
558 3098 658 3197 apud
675 3098 857 3171 Weilium
877 3101 1051 3196 personis
1074 3097 1250 3171 indicatis
1267 3098 1459 3197 descripta
1479 3127 1485 3169 :

523 3321 598 3389 ΗΛ.
627 3322 689 3388 Καὶ
708 3319 787 3394 τῆσδ’
807 3330 929 3387 ἄκουσον
949 3323 1072 3388 λοισθίου
1089 3322 1159 3407 βοῆς
1173 3325 1273 3415 accep.

630 3444 696 3512 ἰδὼν
710 3446 841 3522 νεοσσοὺς
855 3444 949 3512 τούσδ’
965 3447 1115 3536 ἐφημένους
1129 3451 1212 3536 τάφῳ

628 3580 730 3663 οἴκτιρε
749 3572 834 3643 θῆλυν
848 3568 966 3663 ἄρσενός
980 3570 1004 3636 6’
1020 3573 1089 3660 ὁμοῦ
1106 3569 1195 3661 γένοιο.

378 3768 472 3838 Cum
493 3790 606 3836 omne
624 3781 858 3836 momentum
877 3768 926 3837 sit
948 3767 984 3835 in
1008 3769 1164 3838 notione
1186 3768 1316 3863 stirpis
1339 3766 1548 3864 prolisque,

329 3915 404 3961 non
423 3904 526 3961 recte
542 3888 694 3960 videtur
708 3896 772 3987 γὲοο
788 3915 808 3960 a
826 3888 955 3960 multis
974 3890 1088 3962 scribi
1106 3916 1175 3987 pro
1196 3897 1276 3989 γόνον
1298 3888 1451 3961 tradito.
1472 3900 1552 3993 Ἃρ-

327 4050 405 4100 σενος
420 4021 481 4101 (z
494 4020 607 4116 ἀνδρὸς)
629 4020 709 4112 γόνον
728 4027 787 4084 est
809 4012 982 4110 quaedam
999 4017 1167 4111 genetivi
1189 4016 1339 4112 species
1355 4041 1467 4110 quem
1489 4041 1551 4113 ap-

328 4141 533 4237 positivnm
553 4137 698 4208 dicunt.

524 4349 595 4418 ΟΡ.
623 4356 725 4440 καὶμὴ
741 4350 883 4440 ’ξαλείψῃς
897 4351 1013 4444 σπέρμα
1028 4348 1197 4418 Πελοπιδῶν
1215 4348 1285 4417 τόδε·

627 4471 700 4542 οὕτω
713 4480 771 4567 γάρ
785 4476 818 4541 οὐ
836 4476 968 4552 τέθνηκας
982 4473 1099 4569 οὐδὲπερ
1113 4479 1215 4543 θανών.
