3316 5436
621 437 648 481 J.
672 436 703 480 P.
725 434 908 480 wnLamuG

1319 421 1382 485 541

152 592 202 650 45.
234 587 372 648 Delirus
390 596 499 646 mente
515 585 667 646 desectus
683 605 743 663 per
797 589 848 645 60.
880 583 1022 645 Decreta
1037 585 1204 646 destinata
1221 596 1344 648 statuta

272 704 413 755 aetatem

232 798 740 879 Liraestaracionisgenuscum

272 905 438 987 agricolae
470 905 555 966 facte
592 914 739 965 semente

273 1013 384 1074 sulcos
413 1011 565 1092 dirigunt
591 1011 624 1071 in
654 1031 739 1089 quos

272 1141 388 1181 omnes
410 1130 540 1200 segetes
555 1118 740 1179 decurrunt

233 1227 422 1288 Demensid
434 1235 653 1288 estanrenset
665 1224 737 1286 sine

273 1345 383 1395 mente
403 1333 454 1394 vel
470 1333 561 1412 quod
582 1332 738 1393 deminu-

271 1441 401 1501 cionem
416 1439 537 1501 habeat
551 1443 670 1501 mentis

231 1545 556 1625 Desipienseoquod
568 1545 738 1606 minussa·

271 1652 590 1732 pereincipitquam
607 1651 737 1712 solebat

231 1759 384 1820 Disertus
400 1759 519 1820 doctus

151 1871 200 1927 50.
231 1865 426 1943 Discipulos
443 1864 653 1945 adisciplina
668 1865 738 1926 dic·

271 1982 335 2032 tus.
362 1969 551 2049 Disciplina
580 1983 689 2032 autem
719 1991 738 2032 a

273 2078 424 2138 discente
440 2087 553 2138 vocata

231 2184 409 2245 Delibutus
425 2184 466 2245 de
484 2183 559 2245 oleo
574 2195 696 2244 unctus

232 2291 386 2371 Degener
409 2302 465 2352 aut
494 2290 656 2372 ignobilis
685 2278 747 2351 vel'

270 2399 361 2477 quod
373 2398 417 2459 sit
427 2398 469 2458 de
484 2397 602 2477 impari
615 2419 735 2478 genere

232 2505 375 2566 Desides
392 2504 608 2585 neglegentes

229 2613 399 2674 Ducentes
410 2611 531 2671 choros
544 2610 685 2671 invicem
701 2611 735 2671 in

271 2720 394 2781 choros
408 2731 560 2781 tenentes
578 2742 695 2781 manus

149 2832 198 2888 55.
229 2825 376 2887 Delubra
397 2826 521 2906 templa
542 2827 650 2889 sontes
677 2827 736 2886 ha-

269 2933 383 2994 bentia
400 2932 457 2994 ubi
474 2955 509 2993 se
525 2933 736 2994 sanctificant

269 3040 487 3102 sacrificaturi
506 3040 606 3101 idolis

229 3147 415 3208 Detestatio
442 3147 607 3209 execratio
633 3147 735 3208 male-

269 3251 351 3313 dicit

228 3358 360 3437 Diplois
375 3359 610 3419 indumentum
628 3359 735 3439 gemi-

269 3466 304 3526 ui
320 3465 443 3527 coloris

229 3570 415 3632 Diutunurn
432 3570 628 3630 diuturnum
641 3570 731 3648 quod

269 3677 369 3738 habet
404 3676 564 3755 temporis
599 3675 734 3756 longin-

266 3784 429 3862 quitatem

227 3889 428 3970 Decalogum
446 3889 474 3950 X
489 3901 669 3970 praccepta
685 3889 733 3950 le·

269 4019 320 4077 gis

877 689 1068 770 Diripiebat
1088 691 1239 754 vastabat
1254 692 1383 754 aufere·

918 797 975 858 bat

874 904 1088 985 Discerptum
1113 905 1282 967 divulsum
1310 906 1382 968 dis·

914 1022 1056 1073 tractum

874 1119 1053 1182 Dumtaxat
1067 1131 1197 1181 tantum
1213 1121 1258 1182 ita
1269 1132 1379 1182 tamen

874 1225 1014 1288 Delibor
1029 1227 1175 1288 inmolnr

793 1337 843 1393 65.
873 1332 1074 1417 Desidiosus
1095 1334 1274 1415 neglegens

874 1439 1063 1519 Despondit
1090 1440 1184 1502 valde
1213 1441 1380 1521 promittit

873 1545 1045 1607 Deuncem
1061 1547 1177 1608 decern
1194 1548 1311 1609 uncias

873 1651 1007 1712 Duellia
1021 1674 1134 1734 pugna

872 1758 1006 1820 Duellio
1027 1772 1193 1840 pugnator

792 1871 841 1928 70.
877 1865 959 1927 Esor
975 1866 1081 1926 salmo

872 1973 999 2034 Edocat
1013 1974 1119 2036 nutrit

873 2079 1028 2140 Efficacia
1044 2080 1205 2159 perfectio

872 2186 1092 2247 Effeminatus
1109 2187 1349 2248 immoderatus

872 2292 1009 2371 Elligies
1028 2292 1138 2373 imago

791 2403 838 2460 75.
872 2397 1194 2479 Egreginsmagnus

872 2505 1039 2566 Electrum
1057 2526 1171 2566 aurum
1188 2507 1326 2568 mixtum

872 2611 1043 2672 Elementa
1063 2611 1191 2672 caelum
1214 2625 1300 2674 terra
1321 2634 1377 2674 aer

911 2716 1100 2797 ignisaqua

872 2823 1143 2885 Emolumentum
1167 2825 1309 2886 fructum
1327 2825 1376 2886 la-

911 2929 1003 2990 boris

871 3039 999 3100 Enitnit
1015 3039 1141 3100 ellulsit

790 3151 839 3208 80.
871 3145 1209 3224 Enuclcavitaperuit

871 3252 1084 3331 Epigramma
1144 3250 1335 3312 adbreviata

911 3358 1075 3437 scriptura

870 3464 1075 3544 Equipperat
1091 3475 1191 3542 equat

871 3571 982 3650 Equus
999 3570 1135 3648 sonipes

870 3677 1032 3756 Equidem
1050 3698 1111 3757 ego
1127 3676 1261 3755 quidem

788 3790 837 3847 85.
869 3785 1030 3864 Exagerat
1045 3795 1143 3864 auget
1159 3783 1305 3844 cumulat

868 3890 1001 3952 Exaluit
1017 3890 1124 3952 ellluit

869 3996 1007 4057 Excreat
1023 3997 1145 4076 proicit

183 4213 215 4264 45
231 4213 328 4264 dorius
347 4212 411 4263 eod.
428 4214 513 4263 Brux.
532 4220 559 4262 et
574 4213 623 4271 W„
642 4213 733 4263 omnis
748 4229 832 4282 seges
848 4212 975 4263 decurrit
992 4213 1027 4262 W.
1052 4211 1111 4263 Cfr.
1127 4213 1154 4262 C.
1167 4212 1198 4262 G.
1212 4213 1249 4266 l,.‚
1264 4211 1297 4267 V,
1310 4212 1372 4266 627,

146 4298 178 4347 57
195 4308 223 4348 et
239 4297 319 4354 lsid..
338 4298 369 4354 X.
389 4297 429 4348 78.
446 4327 479 4334 —
494 4297 527 4346 53
545 4295 721 4365 negligentes
743 4298 775 4345 W

146 4382 230 4454 (pour
243 4381 371 4432 invicemt
393 4382 429 4431 W.
447 4410 481 4419 —
496 4381 529 4431 64
552 4381 664 4431 inridor
684 4382 721 4431 W.
745 4410 779 4420 -

793 4297 842 4359 (de
857 4299 945 4348 meme
956 4296 1025 4370 plus
1041 4293 1120 4351 loinl.
1144 4325 1176 4333 —-
1192 4296 1225 4345 54
1242 4295 1373 4345 incedere

802 4382 832 4432 71
852 4398 928 4452 petar
942 4381 1053 4432 educat.
1076 4409 1109 4417 -
1133 4380 1165 4429 82
1184 4396 1259 4451 pour
1273 4377 1373 4446 aequi·

147 4476 237 4535 perat.
255 4495 289 4505 -
303 4468 336 4517 85
349 4483 424 4539 pour
439 4477 602 4534 cxztggerat.
620 4495 652 4502 -
669 4467 702 4518 86
718 4464 833 4517 exalura
853 4467 890 4516 W.
909 4465 968 4516 Cir.
987 4466 1014 4515 C.
1030 4468 1060 4514 (ι’.
1075 4465 1104 4514 L.
1120 4465 1162 4518 10.
1179 4464 1241 4521 337,
1256 4462 1299 4512 te.
