3316 5436
678 467 861 511 rnrrnrucu
888 468 990 515 nuiss
1406 448 1445 514 13

216 630 346 687 tamen
363 630 423 689 est
444 618 542 687 iusta
562 617 770 713 oppositio.
797 618 884 686 Scio
906 615 1228 713 quemadmodum
1251 614 1445 714 explicent

218 743 372 813 Canteri
391 742 601 812 mutatione
617 741 698 811 usi:
725 754 789 811 aut
806 739 1004 812 nobiscum
1029 756 1087 812 sta
1111 756 1175 812 aut
1197 766 1326 839 aequas
1350 766 1444 839 pug-

220 863 334 934 nandi
370 862 618 936 condiciones
651 863 793 962 praebe,
828 862 865 934 id
895 878 954 936 est
983 890 1113 962 aequas
1143 880 1257 962 atque
1289 865 1443 937 fuerunt

218 1004 345 1070 antea,
364 1015 451 1060 cum
467 1003 507 1060 tu
523 987 613 1059 dolo
629 991 753 1060 victus
769 1013 824 1060 es.
844 989 976 1085 ltaque
992 987 1039 1060 ad
1054 997 1163 1075 ἁπιῦος
1185 987 1442 1088 supplendum

217 1117 291 1185 erit
305 1123 410 1206 αὐτοῖς,
426 1111 473 1184 ad
495 1121 594 1207 λαβεῖν
614 1127 740 1184 aulem
756 1127 841 1212 ἡμᾶς,
864 1111 910 1184 ad
932 1125 1029 1213 ὁμοίας
1049 1113 1214 1211 denique
1232 1122 1441 1217 καὶπρότερον.

219 1236 434 1310 Scholiasta
450 1262 540 1310 vero
556 1263 641 1309 cum
657 1248 694 1312 σὺ
710 1235 830 1319 addit,
850 1236 887 1307 id
899 1240 1136 1310 extrinsecus
1153 1237 1260 1310 addit
1275 1238 1376 1336 quod
1395 1236 1441 1309 ad

216 1368 296 1443 item
310 1363 593 1460 oppositionem
611 1360 756 1432 laciat¹.
772 1364 854 1460 Ego
866 1375 991 1433 autem
1006 1360 1193 1459 idipsum,
1208 1362 1311 1460 quod
1324 1388 1443 1461 oppo-

218 1488 308 1558 sitio
325 1501 383 1557 est
399 1512 530 1584 parum
548 1511 742 1583 expressa,
762 1512 835 1556 una
858 1485 1021 1583 quadam
1045 1489 1192 1559 ratione
1215 1488 1303 1559 ferri
1327 1511 1442 1586 posse

218 1626 326 1708 puto,
355 1625 496 1683 utnon
522 1636 620 1682 unos
645 1612 803 1683 Orestes
829 1613 1012 1682 continuo
1042 1611 1123 1683 haec
1153 1611 1345 1709 loquatur,
1373 1611 1441 1685 sed

217 1735 315 1806 alter
338 1760 471 1807 versus
498 1738 547 1806 sit
571 1733 745 1818 lllectrae,
770 1737 919 1808 Orestis
947 1762 1077 1807 rursus
1103 1739 1252 1808 tertius,
1278 1740 1339 1809 Sic
1370 1741 1442 1810 erit

217 1874 298 1931 tota
314 1860 433 1930 altera
449 1885 536 1957 pars
550 1871 741 1957 στιχομυθίας
757 1862 905 1931 ratione
921 1863 1148 1957 composita,
1175 1886 1299 1958 neque
1316 1865 1441 1934 minus

217 1982 393 2055 ultimum
419 2008 487 2080 par
509 2008 702 2067 versuum,
727 1982 831 2080 quod
862 2010 1004 2055 nonum
1030 1983 1299 2081 decimumquc
1329 1984 1441 2058 huius

218 2109 337 2205 partis
362 2107 645 2205 complectitur,
671 2107 932 2205 aequabilitate
957 2107 1120 2206 quadam
1146 2111 1440 2182 coniunctorum

215 2257 395 2303 versuum
429 2234 680 2329 conspicuum
716 2258 830 2329 quam
868 2231 1020 2304 fuerunt
1056 2235 1194 2330 priora.
1238 2236 1440 2332 Apponam

216 2359 326 2455 ipsa:

412 2604 483 2673 ΟΡ.
510 2603 534 2672 ὦ
552 2605 654 2695 palla)
669 2616 732 2683 ἄνες
745 2634 792 2695 μοι
809 2605 916 2699 πατέρ’
931 2608 1099 2674 ἐποπτεῦσαι
1117 2611 1228 2697 μα’χην.
1295 2601 1367 2670 489

411 2729 485 2797 ΗΛ.
513 2727 536 2795 ὦ
552 2729 764 2823 Περπέφασσα,
779 2728 826 2807 δὸς
839 2728 870 2797 δέ
882 2731 909 2819 7'
929 2735 1067 2824 εὔμορφον
1080 2735 1193 2825 κράτος.

264 2973 433 3066 Uterque
449 2996 581 3042 versus
599 2971 684 3046 aba
702 2973 847 3069 incipit,
868 2970 1089 3070 reliquaque
1106 2988 1194 3044 sunt
1210 2971 1362 3043 similia.

410 3227 481 3296 ΟΡ.
506 3231 632 3319 μέμνησο
646 3232 770 3322 λουτρῶν
788 3230 828 3306 οἷς
843 3232 1007 3320 ἐνοσφίσθης
1025 3235 1127 3323 πάτερ.
1293 3223 1360 3292 [llll

410 3353 485 3421 ΗΛ.
511 3355 636 3445 Quum
654 3353 900 3447 δ’ἀμφίβληστρην
917 3358 956 3431 ὡς
975 3357 1127 3423 ἐκαίνισαν.

263 3600 515 3673 Abrcschium
535 3615 689 3673 secutus
704 3603 817 3673 sicuti
836 3601 1154 3674 Wilamowitzius
1176 3615 1215 3689 ὡς
1236 3606 1346 3701 posui
1369 3628 1438 3701 pro

212 3733 298 3824 ᾧσ’.

410 3955 480 4024 ΟΡ.
508 3954 605 4033 πέδαις
617 3955 833 4046 δ’ἀχαὶηεὺτοιο
847 3959 993 4050 ἐθηρεύθης
1012 3961 1112 4051 πάτερ.
1293 3951 1364 4021 493

411 4079 485 4147 ΗΛ.
512 4091 644 4173 αἰσχρῶς
662 4106 692 4146 τε
708 4079 900 4165 βουλευτοῖσιν
914 4083 942 4147 ἐν
959 4083 1153 4172 καλύμμασιν.

251 4391 260 4423 ¹
280 4391 407 4443 Alterum
423 4390 551 4442 scholion
566 4408 591 4442 v.
609 4391 659 4442 498
675 4391 870 4461 adscriptum:
893 4389 1030 4465 ἁντὲλαβε,
1048 4402 1166 4462 apparet
1186 4392 1257 4445 male
1277 4402 1436 4444 truncatum

211 4499 296 4534 esse:
313 4475 383 4552 <τὴν
396 4481 487 4551 ὁμοίαν
502 4486 634 4553 τιμωρίαν
650 4486 713 4549 παρ’
728 4477 839 4555 αὐτῶν)
853 4478 994 4553 ἁντιλαβι.
