3316 5436
644 433 671 479 J.
694 433 725 478 P.
747 431 932 478 watrztuG

257 580 474 661 Querimonia
498 580 656 660 frequens
679 599 762 658 que·

298 689 366 750 rela

259 794 448 874 Quominus
464 793 541 855 ideo
558 793 669 853 minus

257 901 386 964 Reboat
403 911 538 963 resonat

177 1014 247 1072 335.
260 1008 399 1071 Reserat
414 1008 522 1089 aperit

258 1116 439 1179 Redivivus
452 1114 509 1194 qui
526 1113 613 1176 redit
629 1123 764 1175 amorte

258 1223 359 1304 Repit
373 1222 478 1284 trahit

259 1330 412 1393 Ranoore
434 1329 571 1393 fastidio
600 1348 657 1389 seu
684 1346 766 1388 oon·

299 1437 501 1500 tradictione

261 1543 455 1607 Siminister
478 1545 635 1607 conscius
657 1567 767 1608 seore-

300 1662 410 1713 torum

180 1761 250 1821 340.
262 1757 389 1820 Sollers
414 1760 506 1838 quod
531 1759 574 1820 sit
600 1758 767 1821 sollicitus

302 1864 336 1925 in
352 1875 423 1926 arte
438 1877 471 1926 et
488 1865 581 1926 utilis

262 1970 425 2033 Sollercia
443 1971 589 2033 sciencia

263 2077 380 2166 Sollon
397 2078 544 2139 studium

264 2183 401 2246 Stamen
422 2183 549 2246 dietum
574 2184 653 2264 quia
681 2196 770 2247 reete

307 2301 372 2351 stat

265 2396 460 2459 Subtemine
502 2407 620 2458 trama.
665 2408 770 2459 trama

305 2504 396 2582 quod
417 2503 468 2565 via
488 2514 577 2565 recta
597 2504 771 2566 transmit·

304 2622 395 2672 tatur
409 2632 469 2692 per
484 2610 596 2673 telam.
614 2620 665 2672 est
680 2611 769 2672 enirn

307 2716 400 2777 filum
428 2715 517 2778 intra
543 2729 671 2779 stamen
695 2738 772 2780 our·

306 2844 395 2883 rens.

183 2933 254 2992 345.
269 2928 418 3009 Spongia
460 2927 546 3008 lapis
581 2928 772 2990 levissimus

305 3034 773 3113 oreatusexaqualevisaclis·

305 3141 436 3203 tulosus
457 3152 490 3202 et
509 3141 650 3202 cameris
676 3153 773 3221 aptus

306 3269 346 3310 ex
361 3268 427 3326 quo
446 3247 641 3309 membrana
659 3248 774 3329 perlu-

307 3365 409 3415 untur

268 3458 377 3521 Stibio
389 3460 534 3521 tinctura

268 3565 375 3628 Scobs
387 3577 607 3647 purgamenta
619 3566 775 3630 terebelli

143 3708 146 3714 ·
187 3664 246 3753 J(
268 3672 409 3735 Sodales
429 3674 588 3736 dicuntur
609 3675 699 3753 quod
728 3674 775 3736 si-

309 3779 378 3841 mul
395 3780 558 3865 sedeant,

1339 411 1402 478 547

898 578 1019 660 Segnis
1040 579 1074 640 id
1094 589 1145 640 est
1166 578 1239 640 sine
1255 579 1333 660 igne
1349 579 1404 639 in-

938 685 1037 766 genio
1053 703 1170 747 carens

818 797 888 856 350.
904 791 1049 854 Susurro
1069 791 1127 871 qui
1148 792 1270 854 alteros
1291 793 1404 855 detra·

939 898 1001 973 hit,
1024 919 1162 961 susurro
1182 899 1224 960 de
1249 920 1333 961 sono
1354 898 1405 960 lo·

939 1004 1092 1068 eueionis
1114 1005 1303 1086 appellatus
1328 1006 1406 1085 quia

941 1111 1059 1172 nonin
1080 1110 1165 1173 faeie
1185 1110 1328 1173 alieuius
1346 1111 1405 1173 sed

940 1218 974 1279 in
990 1240 1069 1280 aure
1084 1218 1234 1298 loquitur

902 1325 1096 1388 Sedieiosus
1125 1325 1184 1405 qui
1218 1325 1407 1388 dissensio·

943 1455 1018 1496 nem
1047 1434 1235 1496 animarum
1265 1434 1345 1497 lacit
1375 1444 1408 1496 et

942 1540 1130 1602 discordias
1146 1541 1255 1622 gignit

903 1646 1053 1728 Spurous
1068 1647 1159 1726 quod
1176 1647 1220 1709 sit
1237 1648 1379 1727 inpurus

904 1753 1078 1816 Secundae
1094 1753 1129 1815 id
1149 1765 1200 1816 est
1215 1775 1407 1836 prosperae.

944 1861 1110 1923 secundae
1122 1871 1232 1923 autem
1242 1882 1260 1922 a
1269 1882 1409 1940 sequen·

943 1968 988 2029 do
1003 1967 1112 2029 dictae
1129 1979 1206 2028 sunt

905 2073 1030 2154 Sospes
1047 2094 1147 2135 sanus

824 2187 894 2246 355.
908 2181 1088 2261 Sequester
1109 2181 1235 2244 dicitur
1255 2183 1313 2262 qui
1338 2204 1411 2245 oer-

945 2287 1095 2351 rantibus
1112 2289 1243 2351 medius
1267 2290 1411 2352 interve·

946 2396 996 2458 nit

907 2499 1413 2582 Sinalimphaestubiduaesyl·

947 2607 1042 2676 labae
1053 2608 1244 2671 eonllantur
1255 2609 1288 2669 in
1304 2630 1407 2671 unum

908 2715 1060 2778 Stadium
1076 2726 1208 2778 constat
1222 2716 1251 2777 D
1266 2716 1411 2796 pedibus

947 2823 1027 2902 quia
1037 2823 1188 2903 quinque
1195 2825 1412 2904 pedesunum
1523 2837 1525 2840 ⁴

948 2951 1084 3010 passum
1101 2931 1228 2993 faciunt

910 3035 1095 3116 Stipulaoio
1113 3037 1254 3098 testacio

909 3143 1008 3223 Sepia
1025 3164 1130 3224 genus
1155 3154 1205 3204 est
1230 3143 1354 3205 herbae
1375 3165 1415 3206 ex

948 3250 1043 3310 ouius
1058 3249 1192 3331 pulvere
1208 3249 1351 3311 essioitur
1366 3249 1415 3310 in·

951 3368 1103 3419 caustum

830 3471 900 3529 360.
914 3464 1015 3527 Screa
1030 3465 1152 3543 pituita

911 3571 1023 3634 Series
1039 3573 1123 3634 ordo

912 3677 1041 3740 Sethim
1058 3700 1163 3760 genus
1178 3678 1261 3759 ligni
1275 3678 1417 3760 inputri-

951 3784 1031 3846 bilis

224 4039 276 4092 336
289 4039 422 4090 redivrus
439 4040 476 4091 W.
493 4069 528 4079 -
542 4041 592 4091 342
609 4041 703 4095 sollon
719 4041 784 4096 cod.
799 4047 886 4097 Brux.
906 4053 934 4098 et
947 4046 985 4096 W.
998 4075 1032 4085 -
1042 4046 1092 4098 344
1109 4055 1199 4098 trama
1212 4054 1279 4113 (une
1293 4048 1363 4116 sois)
1378 4049 1416 4101 W.

187 4152 223 4163 -
237 4123 288 4175 345
304 4133 332 4175 et
348 4123 470 4175 cameris
485 4135 569 4193 aptus
585 4142 618 4178 en
633 4143 729 4195 merge
745 4126 819 4180 dans
834 4126 861 4182 le
878 4127 936 4182 eod
950 4130 1037 4188 Brut,
1054 4131 1122 4183 cisa
1132 4130 1219 4206 ploce
1234 4131 1308 4185 dans
1328 4134 1367 4184 W.
1384 4162 1419 4173 -

188 4205 359 4278 perluuntur
380 4206 507 4260 romanie
532 4217 560 4260 et
580 4207 694 4276 difficile
717 4210 737 4263 ὰ
758 4209 812 4265 lire
836 4211 910 4266 dans
935 4213 1003 4267 God.
1020 4218 1126 4275 Brux.,·
1149 4216 1305 4285 poluuntur
1324 4218 1360 4268 W.
1385 4247 1418 4256 —

188 4292 240 4343 350
264 4290 384 4344 alterurn
409 4294 447 4345 W.
468 4322 504 4332 -
522 4294 573 4346 353
594 4294 695 4347 sedere
714 4294 742 4347 id
763 4306 808 4349 est
827 4315 975 4368 prospere.
1005 4300 1105 4352 sedere
1125 4309 1218 4352 autern
1239 4320 1254 4352 a
1275 4301 1418 4372 loquendo

189 4375 282 4510 dicgpbe
296 4385 364 4508 suae
380 4378 437 4436 W.,·
453 4374 480 4429 le
498 4376 562 4429 Cod.
576 4381 665 4430 Brun.
683 4395 700 4431 a
716 4380 786 4433 sede
802 4389 831 4434 et
841 4385 992 4457 peut-altre
1007 4383 1158 4454 loquendo.
1177 4414 1209 4424 -
1226 4385 1277 4438 357
1293 4385 1419 4456 quinque

189 4476 224 4528 pe
247 4477 254 4510 t
280 4477 313 4510 us
364 4499 369 4510 .
