3316 5436
655 421 753 467 sm.
779 422 811 466 ν.
838 420 998 465 πτυστον
1374 401 1438 469 647

261 570 795 662 μὴτοίῆδιστα,α’λλοὶτοὶα”ριστα.
852 582 891 641 τοί
918 569 1047 649 ἥδιστα,
1083 572 1168 639 οίλλοὶ
1198 582 1238 641 τοί
1270 573 1438 641 κάλλιστα.

264 692 349 758 Νοῦν
376 698 514 779 ἡγεμόνα
535 701 630 758 ποιοῦ.
659 693 715 764 Μὴ
738 720 798 757 κα·
852 691 937 757 Νοῦν
960 695 1098 780 ἡγεμόνα
1120 698 1216 757 ποιοῦ.
1248 690 1305 762 Μὴ
1337 704 1440 769 κακοῖς

263 823 323 884 κοῖς
338 810 445 894 ὁμίλει.
465 809 562 884 Θεοὺς
577 819 663 894 τίμα.
682 811 798 885 Γονὲας
852 808 957 893 ὁμίλει.
981 810 1078 882 Θεοίις
1099 817 1182 893 τίμα.
1203 809 1319 885 Γονέας
1339 803 1439 876 αίδοῡ.

266 925 367 992 αἰδοῦ.

226 1067 239 1106 ο
707 1041 799 1127 Ὀρα
899 1035 1006 1120 (XIV,
1031 1035 1098 1119 61).
1129 1036 1250 1106 Τὼνδὲ
1275 1036 1440 1127 ᾀδομένων

262 1169 304 1247 μή
322 1166 455 1244 κρυπτὸν
471 1161 561 1247 ἕγγος
581 1160 664 1246 ἔχων
680 1155 796 1250 κραδίῃ
854 1161 949 1223 αὑτοῦ
968 1161 1033 1223 ε’στι
1053 1152 1141 1231 τάδε,

264 1272 387 1365 φαιδρῷ
409 1284 611 1367 προςεννέπῃς
633 1279 797 1362 προςωπῳ,
898 1273 1142 1364 Πτφυλαγμὲνος
1162 1269 1267 1363 ἄνδρα
1293 1272 1439 1349 ἕκαστον,

237 1425 238 1428 ’
263 1395 386 1483 γλῶττα
403 1391 438 1460 δὲ
453 1420 495 1462 τοι
511 1390 682 1480 διχόμυθος
695 1401 732 1460 ἐκ
746 1418 799 1480 με·
892 1388 983 1476 Ὀρα
998 1389 1197 1478 μὴ’κρνπτὸν
1216 1392 1310 1482 ἔγχος
1328 1393 1412 1482 ἔχων

323 1511 428 1587 λαίνης
447 1517 555 1603 φρενὸς
573 1517 709 1603 γεγωνῇ.
898 1504 1040 1598 Κραδίρ,
1055 1505 1179 1599 φαιδρῷ
1195 1514 1360 1600 προςενέπῃ

212 1654 242 1692 ιο
280 1661 282 1664 >
655 1683 658 1687 .
1276 1626 1439 1715 προςώπῳ,

899 1741 1038 1809 Γλωσσα
1057 1739 1093 1809 δέ
1113 1752 1137 1810 οί
1157 1740 1329 1833 διχόμυθος

894 1857 955 1925 Ἐκ
973 1859 1126 1945 μελαίνας
1145 1868 1254 1953 φρενὸς
1273 1867 1408 1954 γεγωνῇ.

263 2053 426 2120 Τελευτώσι
448 2050 478 2119 δὲ
498 2057 535 2119 τὰ
555 2053 584 2119 ἑν
601 2063 642 2143 τῷ
665 2051 763 2120 κώδικι
784 2057 998 2147 ἅπανθίσματα
1022 2057 1053 2122 δι
1076 2063 1125 2124 τοῦ
1147 2056 1305 2148 Διογένους,
1327 2057 1399 2125 καθ’
1421 2059 1441 2125 ἃ

214 2176 289 2244 εἷπον
303 2178 446 2270 ἀνωτέρω,
461 2175 510 2245 διὰ
523 2187 579 2244 τῶν
593 2178 765 2269 εἰλημμένων
779 2180 810 2245 ἐκ
822 2190 879 2247 τῶν
891 2180 964 2266 βίων
985 2178 1185 2274 Ἡρακλείτου,
1201 2181 1380 2276 Δημοκρίτου
1392 2187 1441 2250 καί

221 2301 450 2397 Ἀναξοίρχουὲν
468 2330 499 2394 φ.
515 2292 788 2370 ῗ37β-ῗ38β.
820 2304 948 2396 ’Έχουσι
966 2304 997 2374 δὲ
1015 2311 1245 2399 τοίπανθίσματα
1263 2313 1355 2375 ταῦτα
1374 2306 1439 2376 ὧδε·

297 2490 507 2575 Ἡράκλειτος
529 2494 543 2555 δ
563 2487 704 2580 Ἐφέσιος
723 2501 800 2557 οἰνα·
900 2490 957 2574 (ΙΙ,
988 2490 1031 2574 3).
1073 2489 1306 2582 Ἀναχωρήσας
1333 2470 1442 2572 δὲὶέίς

265 2618 421 2694 χωρήσας
436 2615 519 2684 είςτὸ
533 2616 613 2694 ἱερὸν
628 2607 799 2694 τῆςἊρτὲ·
854 2616 885 2677 τὸ
901 2617 982 2695 ἱερὸν
1001 2623 1054 2686 τῆς
1078 2608 1258 2698 Ἀρτέμιδος
1277 2622 1356 2697 μοιοί
1382 2617 1441 2679 τῶν

264 2720 350 2809 μιδος
379 2735 458 2811 μετοί
488 2723 607 2792 παίδων
633 2734 800 2815 ήστραγοί·
852 2723 972 2792 παίδων
999 2729 1231 2816 ἠστραγάλιζε.
1266 2730 1442 2815 Περιστοίν-

268 2842 343 2921 λίζε.
380 2844 602 2932 Περιστοίντων
635 2839 671 2909 δὲ
706 2848 799 2911 αὑτὸν
854 2871 913 2913 των
934 2841 1059 2914 δἀὐτὸν
1081 2851 1140 2913 των
1160 2844 1322 2940 Ἐρεσίων,
1347 2840 1440 2924 Τί,ὦ

226 2985 239 3024 ιτ
264 2964 323 3028 τῶν
347 2955 511 3047 Ἐφεσίων,
536 2962 584 3038 Τί,
613 2956 636 3025 ὦ
662 2971 800 3030 κοίκιστοι
855 2972 1001 3041 κάκιστοι,
1027 2965 1230 3052 3ανμοίζετε;
1254 2966 1326 3058 ἔφη·
1359 2964 1378 3036 ἡ
1406 2969 1440 3030 οίι

263 3078 470 3164 θαυμάζετη
493 3078 586 3143 εἶπεν·
608 3081 626 3150 ἡ
647 3083 680 3143 οὺ
701 3091 800 3162 κρείτ·
854 3096 989 3171 κρεῖττον
1006 3090 1091 3150 τοῦτο
1113 3081 1247 3155 notam}
1264 3079 1337 3165 μεθ’
1353 3085 1439 3167 ὑμῶν

265 3219 314 3262 τον
342 3203 427 3262 τοῦτο
455 3204 533 3283 μετοί
563 3191 682 3261 παίδων
709 3211 800 3263 ποιεῖν
854 3200 1093 3280 πολιττὺεοθαι;

264 3317 283 3385 ἡ
300 3311 376 3398 μεθ’
394 3317 481 3398 ὑμῶν
499 3312 737 3395 πολιτεύεσθαι;

303 3430 368 3496 Καί
382 3431 467 3520 τέλος
477 3433 755 3517 μισανθρωπήσας
765 3437 800 3497 ἐν
900 3428 974 3513 (ΙΙΙ,
992 3428 1036 3512 3).
1062 3430 1127 3496 Καὶ
1142 3431 1240 3508 τέλος,
1258 3432 1442 3516 μισανθρω-

214 3572 242 3612 ιο
267 3550 354 3633 ὄρεσι
375 3545 509 3639 διῃτᾶτο.
538 3551 746 3639 Περιτραπείς
763 3546 798 3615 δὲ
853 3558 1019 3622 πήσοιςκαι·
1032 3555 1224 3624 ἐκπατήσας,
1239 3555 1271 3614 ὲν
1284 3564 1342 3623 τοῖς
1357 3550 1442 3633 ’ὄρεσι

266 3675 307 3740 είς
326 3662 438 3751 ὕδερον
458 3664 619 3738 κατῆλθεν
640 3653 679 3742 είς
703 3671 798 3744 ἄστυ,
855 3662 993 3755 διῃτᾶτο,
1015 3671 1091 3742 πόας
1115 3672 1288 3751 σιτοὺμενος
1312 3676 1364 3731 και·
1387 3662 1441 3744 βο-

269 3792 322 3847 και·
345 3786 404 3849 τῶν
423 3787 539 3866 ίατρὼν
564 3778 800 3870 αἰνιγματωδῶς
854 3792 962 3857 τοίνας.
988 3782 1054 3848 Καί
1076 3788 1177 3868 μέντοι
1201 3793 1254 3848 καί
1280 3778 1332 3847 διοί
1357 3789 1442 3850 τοῦτο

265 3899 471 3978 ἐπυνθάνετο,
511 3909 536 3964 εί
579 3895 721 3968 δὺναιντο
765 3897 800 3978 ἐξ
822 3987 828 3999 ⁸
852 3907 1050 3988 περιτραπεὶς
1073 3895 1258 3983 είςῦδτρον,
1281 3898 1441 3971 κατῆλθον

265 4014 439 4102 ἐπομβρίας
489 4021 612 4106 αὐχμὸν
658 4030 796 4090 ποιῆσαι.
855 4025 895 4092 είς
910 4022 1005 4094 οἷστυ,
1022 4021 1147 4084 καὶτῶν
1164 4022 1280 4100 ίατρών
1296 4024 1442 4107 αίνιγμα·

213 4158 241 4198 ιο
267 4136 338 4200 Τὼν
381 4129 416 4200 δὲ
455 4143 498 4220 μή
540 4141 717 4213 συνιέντων,
760 4144 802 4210 τίς
856 4129 960 4211 τωδώς
978 4135 1183 4203 ἐπυνθάνετο.
1202 4142 1227 4199 εί
1243 4129 1388 4199 δύναιντο
1406 4129 1442 4211 ἐξ

265 4246 455 4332 βουστάσιον
479 4249 653 4337 κατορύξας
676 4256 799 4330 ἑαυτὸν,
855 4248 1029 4339 ἐπομβρίας
1052 4256 1176 4340 αὐχμὸν
1203 4263 1349 4331 ποιῆσαι;
1370 4252 1442 4315 Τῶν

250 4441 276 4492 (ι.
298 4439 393 4496 αὑτῶ
439 4443 463 4496 8.
483 4444 574 4515 ἡμῶν
621 4445 664 4496 11.
684 4442 834 4516 ὕστερον
