3316 5436
671 439 754 485 r.·c.
782 438 985 484 coniunxne
1398 418 1440 485 87

212 591 337 687 primo
359 588 495 684 impari
518 587 581 684 qui
605 584 725 658 diuidi
752 611 827 658 non
859 599 1001 683 potest.
1031 584 1153 657 Habet
1177 587 1279 657 enim
1306 587 1341 655 in
1368 599 1442 657 ter-

214 715 321 784 nario
346 713 558 783 misterium
580 712 777 792 trinitatis,
803 713 839 781 in
860 712 1105 808 quaternario
1128 708 1333 807 euangelii.
1352 711 1442 782 Siue

212 838 316 909 enim
336 850 415 914 tres
432 861 501 933 per
515 849 692 932 quatuor,
711 837 794 907 siue
815 860 884 933 per
899 848 977 905 tres
997 848 1162 931 quatuor
1184 831 1443 932 multiplicen-

214 976 289 1044 tur,
307 958 354 1031 ad
370 958 649 1033 duodenarium
672 985 872 1031 numerum
896 960 1078 1055 surgitur.
1098 956 1209 1051 Quod
1230 959 1442 1029 misterium

215 1089 365 1158 Sanctae
390 1087 574 1157 trinitatis
594 1099 633 1156 et
658 1083 844 1157 doctrinae
867 1081 1056 1180 euangelii
1083 1107 1150 1180 per
1174 1083 1222 1153 xii
1245 1080 1443 1181 apostolos

215 1336 520 1433 septentrionem
536 1348 575 1406 et
588 1331 783 1405 meridiem
801 1331 1016 1405 deriuatum
1028 1346 1100 1403 est.
1117 1332 1184 1402 llic
1200 1332 1301 1402 enim
1315 1355 1444 1403 nurne-

216 1485 281 1532 rus
297 1461 334 1529 in
355 1461 471 1531 Sacro
492 1457 647 1555 eloquio
668 1482 737 1556 pro
754 1455 990 1556 perfectione
1006 1457 1095 1553 poni
1112 1457 1327 1526 consueuit.
1347 1456 1444 1527 Con-

217 1584 417 1656 summatis
442 1585 544 1654 enirn
570 1585 671 1653 Deus
697 1580 880 1680 operibus
905 1583 997 1661 suis,
1016 1581 1063 1650 vii
1091 1577 1154 1651 die
1179 1580 1381 1676 requieuit,
1406 1591 1445 1650 et

219 1706 350 1781 Enoch
370 1708 434 1804 qui
451 1709 639 1803 septimus
658 1720 720 1778 est
735 1705 783 1776 ab
799 1703 920 1776 Adam
936 1731 1022 1777 cum
1039 1702 1197 1776 domino
1217 1701 1443 1788 ambulauit‚

219 1835 360 1905 eteius
380 1829 581 1904 translatio
603 1855 711 1929 spem
729 1829 840 1902 nobis
856 1826 1028 1901 eiusdem
1051 1830 1194 1925 requiei
1216 1826 1393 1900 contulit.

268 1954 377 2030 Unde
387 1970 427 2028 et
439 1952 604 2027 iubileus
620 1981 742 2026 annus
759 1956 797 2025 in
814 1980 890 2052 quo
907 1952 1076 2053 plenaria
1089 1955 1241 2051 requies
1256 1954 1443 2050 signatur,

219 2096 368 2179 septem
386 2077 691 2152 hebdomadibus
710 2077 926 2161 conficitur,
944 2079 1152 2176 —septies
1171 2079 1273 2148 euim
1296 2090 1445 2174 septem

220 2205 316 2277 fiunt
331 2204 463 2287 xlviiii,
480 2205 607 2301 —qui
627 2202 790 2276 monade
805 2200 934 2274 addita
952 2217 1092 2274 nostrae
1109 2200 1353 2273 adunationis
1375 2202 1446 2271 im-

221 2328 360 2428 pletur.
390 2331 508 2400 Huius
531 2330 675 2400 numeri
699 2327 973 2426 perfectionem
999 2324 1185 2423 propheta
1211 2349 1447 2396 commemo-

220 2469 278 2526 rat
298 2480 383 2526 cum
405 2451 500 2525 dicit
519 2480 526 2522 :
545 2455 697 2551 Septies
714 2455 749 2522 in
767 2449 830 2524 dic
846 2450 996 2523 laudem
1020 2448 1094 2520 dixi
1114 2449 1181 2521 tibi
1203 2451 1278 2542 (rs.
1304 2449 1444 2540 llum).

222 2577 333 2673 Quod
358 2581 396 2649 in
421 2577 496 2650 alio
521 2577 670 2676 psalmo
695 2578 803 2675 quasi
834 2601 1030 2675 exponens
1061 2576 1184 2672 aperit
1212 2600 1300 2646 cum
1328 2572 1443 2644 dicit:

222 2708 383 2802 Semper
407 2702 490 2774 laus
510 2705 592 2774 eius
613 2704 651 2772 in
676 2726 742 2774 ore
764 2726 849 2772 meo
870 2703 944 2791 (Ps.
967 2701 1055 2789 33⁹).
1080 2701 1173 2771 Nam
1196 2714 1235 2770 et
1258 2697 1447 2769 lohannes

222 2832 259 2899 in
280 2826 502 2926 Apocalipsi
524 2852 604 2907 sua,
630 2824 734 2924 quod
755 2839 903 2923 septem
925 2824 1059 2896 scribit
1078 2822 1266 2906 ecclesiis,
1285 2846 1448 2919 genera-

223 2951 312 3024 liter
326 2954 514 3024 universae
526 2950 726 3023 catholicae
740 2948 910 3021 creditur
920 2951 1123 3047 scripsisse
1135 2947 1322 3020 ecclesia.
1339 2943 1448 3019 Unde

223 3093 261 3150 et
284 3080 364 3174 ipse
389 3079 467 3148 ait:
491 3078 564 3170 Qui
590 3074 704 3147 habet
727 3101 839 3147 aures
860 3072 1038 3145 audiendi
1060 3071 1203 3152 audiat,
1227 3070 1317 3169 quid
1340 3072 1449 3168 spiri-

225 3218 286 3275 tus
308 3199 411 3273 dicat
435 3200 610 3273 ecclesiis
633 3202 717 3296 (Ap.
743 3201 823 3291 2¹¹).
854 3202 906 3270 De
932 3199 1151 3294 septenario
1178 3192 1445 3293 intelligenda¹

226 3351 385 3397 numero
405 3327 468 3422 qui
495 3327 532 3394 in
556 3322 786 3421 quibusdam
813 3325 1012 3419 scripturae
1039 3320 1133 3393 locis
1158 3321 1448 3391 uniuersitatem

224 3452 306 3522 siue
330 3447 617 3548 perlectionem,
644 3450 681 3518 in
705 3445 933 3544 quibusdam
955 3445 1191 3543 septiformis
1214 3445 1347 3543 gratiae
1370 3444 1449 3540 spi-

225 3576 339 3645 ritum
360 3570 564 3672 significat,
584 3572 703 3643 multa
723 3585 763 3643 et
785 3573 821 3641 in
844 3572 962 3643 ueteri
984 3584 1023 3641 et
1045 3571 1081 3639 in
1101 3594 1199 3642 novo
1215 3581 1450 3640 testamento

225 3697 415 3770 habentur
434 3722 518 3794 quae
537 3698 714 3794 persequi
732 3695 888 3794 longum
909 3709 981 3767 est.
1005 3697 1113 3765 Nunc
1134 3691 1332 3764 uideamus
1355 3716 1450 3789 qua-

226 3822 314 3895 liter
325 3824 467 3920 Esayas
479 3820 665 3920 propheta
678 3819 850 3893 eiusdem
868 3818 1104 3917 septiformis
1120 3815 1219 3888 dona
1235 3829 1447 3887 enumerat.

226 3952 321 4022 Cum
337 3950 439 4020 enirn
456 3946 504 4019 de
519 3933 587 4018 xm
603 3947 665 4043 qui
689 3959 748 4016 est
770 3946 874 4040 uirga
892 3945 1044 4014 uirtutis
1067 3940 1210 4013 domini
1234 3954 1272 4011 et
1298 3941 1451 4036 sapien-

227 4075 278 4144 tia
295 4074 377 4144 eius
394 4069 655 4169 prophetaret,
670 4071 741 4140 ait:
762 4066 989 4165 Egredietur
1005 4069 1109 4162 uirga
1127 4063 1175 4136 de
1191 4062 1318 4134 radice
1333 4064 1451 4133 lessae

227 4212 266 4269 et
285 4195 356 4268 llos
381 4195 429 4268 de
455 4193 582 4266 radice
602 4196 686 4266 eius
711 4191 894 4265 ascendet
918 4205 957 4262 et
983 4192 1198 4288 requiescet
1223 4212 1338 4284 super
1364 4211 1451 4258 eum

264 4463 274 4495 ¹
295 4464 325 4515 ln
341 4481 394 4515 ms.
412 4463 453 4514 sic
469 4462 554 4514 interi.
