3406 5438
703 469 786 515 r.-c.
815 468 1018 515 conrssnns
1435 450 1479 519 89

234 618 370 691 sancti
400 616 675 715 praedicatores
704 619 767 715 qui
799 632 978 690 enarrant
1006 617 1168 716 gloriam
1199 616 1359 698 domini,
1387 617 1477 692 facti

235 757 350 824 sunt,
368 756 408 815 et
428 743 565 840 spiritu
588 757 723 815 sancto
739 745 803 839 qui
820 757 879 815 est
896 768 1027 815 eorum
1049 741 1390 815 consubstantialis
1412 746 1476 840 qui

238 867 293 939 ab
318 881 484 964 utroque
509 866 699 965 procedit,
722 869 848 940 omnis
874 869 996 939 uirtus
1019 893 1169 950 eorum3
1192 870 1280 964 quia
1305 871 1476 940 omnium

239 994 476 1066 Sanctorum
498 1006 658 1064 ornatus
678 1005 717 1062 et
739 994 863 1064 uirtus
884 993 1043 1089 spiritus
1066 994 1194 1063 Sancti
1226 993 1476 1090 inspiratione

241 1116 437 1189 subsistit.
462 1118 509 1188 Et
529 1115 729 1214 apostolus
755 1115 915 1189 scribit:
938 1101 1001 1187 ir'rs
1025 1113 1086 1188 dei
1113 1119 1235 1188 uirtus
1264 1131 1302 1188 et
1327 1115 1388 1188 dei
1415 1142 1477 1189 sa-

241 1243 405 1340 pientia.
434 1243 481 1313 Et
501 1243 538 1311 in
563 1239 779 1339 prouerbiis
801 1240 971 1338 loquitur
997 1266 1003 1310 :
1032 1243 1132 1312 Deus
1149 1242 1187 1311 in
1203 1243 1391 1339 sapientia
1408 1266 1476 1313 sua

242 1363 423 1438 fundauit
448 1379 590 1438 terram
616 1379 655 1436 et
683 1367 832 1463 parauit
862 1365 967 1437 celos
992 1367 1030 1436 in
1058 1363 1261 1462 prudentia
1288 1368 1362 1455 (Pr.
1392 1368 1473 1457 3¹⁰).

244 1492 294 1562 Et
314 1488 510 1587 quomodo
534 1488 634 1562 idem
661 1514 787 1561 sermo
809 1503 969 1561 uocatur
993 1487 1053 1560 dei
1078 1487 1154 1571 lux,
1178 1503 1216 1561 et
1242 1491 1333 1569 uite,
1358 1504 1396 1562 et
1421 1515 1476 1561 re·

242 1616 447 1697 surrectio,
472 1615 527 1686 sic
548 1616 705 1711 spiritus
729 1615 928 1710 sapientiae
949 1628 987 1686 et
1008 1612 1241 1696 intellectus
1265 1612 1415 1686 consilii
1436 1629 1476 1687 et

242 1735 498 1822 fortitudinis,
523 1740 694 1809 scientias
717 1752 755 1809 et
779 1740 948 1836 pietatis,
974 1762 1017 1808 ac
1040 1739 1189 1809 timoris
1212 1736 1356 1810 domini
1381 1764 1476 1808 nun-

242 1876 421 1960 cupatur.
454 1864 536 1933 Non
566 1860 670 1960 quod
700 1859 849 1932 diuisus
880 1864 929 1933 sit
959 1864 1059 1933 iuxta
1091 1860 1329 1934 differentias
1354 1864 1475 1934 nomi-

243 2012 356 2069 num;
378 1984 447 2057 sed
473 2012 570 2056 unus
597 2000 712 2084 atque
734 1983 832 2057 idem
859 2001 1083 2058 cunctarum
1109 1988 1293 2057 uirtutum
1317 1985 1402 2058 fons
1425 1988 1475 2058 sit

242 2125 361 2208 atque
377 2112 621 2210 principium.
635 2111 792 2208 Absque
808 2097 880 2182 ὦ
893 2112 1009 2207 igitur
1025 2136 1094 2181 nec
1116 2112 1269 2207 sapiens
1286 2112 1372 2207 quis
1388 2135 1474 2182 esse

243 2249 388 2334 potest,
412 2259 482 2307 nec
510 2233 746 2334 intelligens,
775 2259 845 2305 nec
873 2232 1128 2315 consiliarius
1156 2259 1225 2305 nec
1251 2233 1374 2315 sortiS,
1403 2260 1473 2306 nec

241 2357 432 2440 eruditus,
466 2384 535 2430 nec
569 2358 707 2457 plenus
736 2360 875 2430 timore
905 2356 1063 2430 domini.
1096 2361 1142 2430 Et
1171 2356 1243 2430 hoc
1274 2356 1473 2429 sciendum

240 2482 348 2582 quod
370 2486 528 2581 spiritus
545 2480 704 2565 domini,
724 2484 922 2580 sapientiae
941 2497 980 2554 et
1003 2481 1236 2561 intellectus,
1264 2481 1413 2554 consilii
1435 2497 1474 2555 et

242 2605 495 2687 fortitudinis,
510 2609 681 2679 scientiae
697 2621 736 2679 et
752 2609 907 2706 pietatis
919 2633 962 2678 ac
978 2608 1127 2679 timoris
1139 2604 1299 2692 domini,
1311 2651 1359 2659 -
1371 2605 1472 2678 idem

240 2734 487 2830 septenarius
514 2757 693 2803 numerus
714 2734 777 2829 qui
805 2746 952 2830 septem
979 2731 1079 2804 oculi
1107 2734 1240 2803 inuno
1267 2730 1393 2830 lapide
1418 2730 1473 2803 di·

240 2870 384 2929 cuntur
399 2858 437 2927 in
457 2855 637 2928 Zacharia
653 2858 729 2946 (3⁹),
751 2859 1031 2953 -requiescat
1052 2881 1167 2954 super
1188 2856 1319 2928 ssorem
1341 2871 1379 2928 et
1395 2859 1473 2927 uir-

239 3006 332 3080 gam
353 2983 417 3078 qui
439 2980 487 3053 de
506 2984 615 3053 Jesse
636 3007 679 3052 ac
702 3005 770 3079 per
789 2979 862 3052 hoc
886 2985 1006 3079 stirpe
1025 2979 1141 3052 David
1163 2983 1338 3052 surrexit.
1364 2983 1472 3052 Hunc

241 3108 346 3178 enim
368 3108 545 3204 spiritum
566 3108 671 3202 quia
698 3119 804 3203 patre
830 3103 985 3202 filioque
1014 3104 1201 3202 procedit,
1225 3103 1329 3177 idem
1352 3105 1472 3177 domi·

242 3255 316 3302 nus
336 3229 524 3329 apostolis
540 3244 579 3302 et
599 3256 668 3329 per
687 3228 950 3327 apostolorum
967 3255 1099 3301 eorum
1121 3254 1388 3300 successorum
1407 3232 1472 3301 mi·

242 3356 444 3426 nisterium
467 3369 609 3426 sanctae
630 3380 708 3426 suae
730 3354 863 3426 tribuit
879 3353 1067 3425 ecclesiae.
1087 3356 1203 3426 Cuius
1224 3352 1323 3425 dona
1341 3378 1471 3451 quam-

240 3505 358 3577 quam
383 3504 429 3552 ex
455 3481 567 3550 unius
597 3481 755 3575 spiritus
781 3477 886 3550 fonte
913 3477 1136 3576 procedant,
1165 3476 1345 3549 uidentur·
1374 3504 1471 3575 quo·

241 3603 331 3674 dam
353 3602 468 3676 modo
489 3602 673 3701 quasdam
697 3602 838 3675 habere
862 3605 1130 3701 proprietates.
1149 3601 1262 3673 Aliud
1286 3619 1345 3674 est
1368 3605 1470 3674 enim

240 3751 392 3826 sapere,
425 3726 526 3799 aliud
552 3728 788 3825 intelligere3
812 3730 900 3825 quia
933 3726 1039 3798 multi
1070 3743 1200 3799 eterna
1229 3725 1384 3825 quidem
1415 3752 1472 3798 sa·

242 3854 367 3951 piunt,
386 3849 453 3924 sed
470 3851 551 3924 haec
568 3852 785 3950 intelligere
803 3854 958 3922 minime
975 3866 1150 3950 possunt.
1166 3853 1361 3949 Sapientia
1378 3876 1471 3947 ergo

241 3991 413 4048 mentem
438 4002 552 4073 quam
581 3975 766 4048 insederit
793 3975 841 4048 de
868 3991 1085 4048 eternorum
1113 4001 1216 4073 saepe
1240 3973 1472 4047 certitudine

241 4099 380 4199 replet.
412 4099 635 4172 Intellectus
665 4126 711 4171 eo
741 4099 842 4198 quod
875 4115 1022 4172 secreta
1052 4114 1241 4197 penetrat,
1274 4124 1339 4170 cor
1367 4098 1471 4197 quod

238 4226 416 4321 tetigerit
451 4222 672 4307 reficiendo,
709 4227 791 4296 eius
826 4223 1006 4296 tenebras
1041 4222 1220 4295 illustrat.
1259 4222 1471 4297 Consilium

238 4348 334 4421 dum
365 4373 452 4420 esse
481 4375 594 4446 quem
627 4351 863 4448 praeoipitem
896 4346 1087 4446 prohibet,
1120 4350 1267 4419 ratione
1301 4350 1468 4418 animum

239 4471 380 4572 replet.
413 4472 611 4546 Fortitudo
641 4499 732 4545 vero
764 4500 849 4545 cum
880 4471 1039 4544 adversa
1070 4497 1146 4544 non
1181 4474 1330 4556 metuit,
1357 4475 1471 4571 trepi-
