3316 5436
633 431 658 475 J.
683 431 713 475 P.
738 431 921 475 wnvrmnu

246 576 372 637 Garum
389 577 560 656 liquamen

246 682 474 744 Gestatorium
508 683 667 744 ferculum
703 682 754 743 vei

286 789 444 852 feretrum

247 895 376 976 Hipoge
393 897 513 958 domus
537 897 755 958 subterranea

168 1001 382 1063 140.Henuos
408 1025 490 1084 gens
519 1004 597 1065 inde
627 1026 754 1065 enucus

288 1110 755 1192 gentiiisidestpaganusqui

290 1217 335 1277 ita
358 1229 470 1279 manet
485 1218 533 1279 uti
553 1217 687 1298 genitus
705 1228 756 1279 est

248 1322 418 1402 Huiusque
435 1323 535 1384 huius
551 1345 627 1385 vero

248 1428 451 1491 iiuiusmodi
469 1431 547 1492 talia

249 1535 428 1616 Hucusque
450 1537 611 1599 hactenus
628 1538 678 1599 vei
699 1560 756 1599 us·

290 1662 354 1720 que
372 1642 436 1704 hue

249 1749 472 1831 inpetiginem
495 1750 640 1812 scabiem

170 1859 238 1918 145.
252 1855 378 1917 idioma
394 1857 582 1937 proprietas

249 1962 356 2025 idiota
381 1964 519 2044 ignarus
536 1965 608 2025 sine
633 1965 756 2026 litteris

250 2069 454 2150 inpudenter
472 2071 696 2133 inverecunde

250 2179 398 2240 interdiu
415 2200 475 2259 per
490 2178 579 2240 diem

251 2285 418 2346 insomnis
433 2285 506 2347 sine
519 2308 637 2346 somno

172 2398 239 2455 150.
251 2392 417 2453 luridicus
433 2391 519 2472 legis
535 2393 663 2471 peritus

251 2498 415 2560 idolatrae
444 2499 545 2559 idoiis
576 2499 757 2561 servientes

291 2605 419 2666 idoium
441 2626 550 2686 grece,
571 2605 675 2667 iatine
691 2607 759 2666 ior-

293 2712 381 2773 mula

252 2819 287 2879 in
314 2817 469 2896 peribuio
490 2819 523 2878 in
555 2819 680 2899 templo
708 2818 758 2879 vei

293 2925 438 2986 sacrario

252 3031 288 3093 in
306 3053 476 3093 secessum
494 3032 527 3092 in
546 3043 709 3093 remotum

253 3137 345 3199 Iners
363 3138 436 3198 sine
455 3148 524 3198 arte

175 3252 242 3307 155.
255 3245 414 3307 inolescit
430 3246 550 3307 crescit

254 3351 318 3413 iuit
336 3351 484 3412 iniciavit

254 3458 414 3519 Inlustrat
430 3460 593 3539 conspicit

254 3565 412 3626 innititur
428 3564 569 3626 inclinat

256 3669 467 3750 Inopinatnm
486 3670 692 3750 inprovisum

175 3784 243 3839 160.
259 3778 413 3837 inmense
430 3776 502 3836 sine
520 3797 676 3837 mensura

891 576 1033 637 inormis
1050 575 1191 636 inmanis

891 683 1058 763 inperitus
1076 683 1209 744 nescius

891 790 1047 871 inperitia
1067 789 1236 851 rusticitas

891 895 1019 975 inpune
1036 896 1108 957 sine
1128 916 1215 976 pena
1235 894 1307 956 sine
1323 895 1396 955 vin·

930 1003 1019 1065 dicta

813 1116 880 1172 165.
894 1110 1033 1190 inquam
1049 1109 1119 1171 dixi

891 1216 1008 1295 lnquis
1024 1217 1136 1279 dixisti

892 1324 1029 1386 inscitia
1047 1324 1218 1386 rusticitas
1236 1321 1400 1403 inpericia

892 1431 1035 1493 insultat
1051 1431 1169 1492 irridet

893 1537 1128 1599 internuncius
1167 1536 1298 1616 legatus
1341 1535 1398 1614 qui

932 1643 1107 1706 renunciat

814 1759 880 1816 170.
896 1753 999 1815 itiner
1014 1752 1151 1832 longum
1168 1751 1231 1813 iter

892 1859 1012 1921 iuncus
1029 1858 1158 1937 scirpus

892 1963 1101 2025 imundicare
1135 1961 1185 2023 vei
1221 1961 1397 2023 vendicare

932 2070 994 2131 hoc
1009 2070 1112 2131 distat
1122 2069 1213 2148 quod
1229 2068 1399 2129 vindicare

933 2175 1310 2249 estuicisci‚veudicare
1323 2195 1400 2235 vero

933 2284 1110 2363 adquirere
1126 2282 1176 2343 vei
1194 2281 1304 2343 abere.

894 2391 1083 2472 ignominia
1121 2389 1259 2450 infamia
1292 2388 1400 2468 turpi·

933 2497 1015 2558 tudo

894 2603 961 2665 ima
978 2600 1159 2662 novissima

816 2718 882 2774 175.
896 2709 1031 2771 inanem
1049 2726 1289 2788 supervacuum

894 2816 1030 2877 inmune
1048 2813 1217 2874 infinitum

894 2923 1000 3003 igitur
1015 2921 1152 2981 inicium
1175 2919 1340 2979 sermonis

896 3028 1045 3109 insignia
1061 3036 1257 3088 ornamenta

894 3136 1035 3198 insitum
1069 3135 1231 3195 insertum
1263 3132 1403 3194 insemi-

938 3254 1050 3302 natum

818 3347 1191 3428 180.innuitcennat(?)
1245 3390 1247 3394 1

896 3455 1042 3517 infectus
1064 3454 1248 3515 iniuriosus

897 3562 1128 3643 inperboiicus
1146 3561 1270 3621 nimius

896 3669 1028 3731 irritum
1050 3669 1244 3730 frustratum
1267 3667 1399 3728 inanem

935 3776 985 3837 vel
1002 3775 1075 3837 sine
1091 3775 1210 3838 affectu

210 3965 261 4014 140
276 3981 346 4032 gens
363 3981 396 4014 eu
411 3979 506 4030 rnarge
522 3961 787 4022 dunscanorum..
806 3964 874 4016 cisa
885 3963 971 4038 piace
986 3962 1060 4015 dans
1076 3962 1104 4016 ia
1120 3963 1201 4037 copie
1217 3961 1254 4015 de
1271 3963 1306 4013 W.
1320 3960 1356 4021 (ii
1370 3978 1403 4013 en

174 4056 217 4100 est
229 4048 264 4099 de
276 4051 362 4098 inertie
370 4065 447 4121 pour
459 4055 551 4098 tontes
562 4045 603 4098 les
615 4046 764 4099 additions
775 4046 949 4115 marginales
960 4046 999 4099 du
1012 4047 1079 4100 Cod.
1089 4048 1201 4114 Brun).
1211 4077 1248 4086 -
1258 4047 1306 4098 141
1320 4045 1404 4096 huius

174 4150 220 4201 op.
234 4133 269 4182 W.
290 4131 389 4182 -117
409 4130 627 4182 inreverccuude
649 4131 721 4183 e'crit
743 4131 821 4185 deux
841 4131 898 4200 fois
920 4131 994 4183 duris
1015 4131 1040 4184 Ie
1057 4131 1125 4183 eod.
1142 4134 1233 4183 Brux.
1253 4160 1287 4170 -
1303 4130 1351 4180 148
1370 4147 1404 4181 en

175 4233 270 4284 cierge
287 4215 325 4266 du
344 4213 409 4267 Cod.
425 4218 523 4272 Brux„
540 4215 613 4266 mais
625 4214 730 4267 i'ordre
746 4224 788 4267 est
804 4218 950 4268 renverse:
970 4217 1024 4267 Per
1036 4216 1110 4266 diem
1123 4215 1257 4266 interdiu.
1273 4217 1311 4265 La
1323 4212 1403 4287 copie

174 4301 209 4352 de
229 4301 267 4355 W.
284 4317 302 4352 a
324 4308 395 4351 cette
409 4299 488 4368 giose
510 4299 528 4350 ὰ
547 4315 581 4350 sa
598 4298 694 4373 piace,
717 4299 790 4351 maie
810 4299 856 4352 n'a
873 4318 931 4375 pas
952 4298 1055 4352 retabii
1074 4297 1178 4352 i'ordre
1198 4297 1250 4351 des
1269 4305 1348 4349 nrots.
1366 4326 1402 4336 -

174 4385 226 4435 150
242 4385 314 4435 iuris
330 4383 441 4453 peritus
459 4384 496 4434 W.
515 4411 549 4422 -
565 4383 615 4433 160
631 4383 769 4435 inmensis
786 4382 855 4436 cod.
869 4387 956 4436 Brux.
973 4394 1000 4436 et
1021 4385 1057 4434 W.
1075 4384 1174 4434 -172
1190 4381 1296 4433 babere
1312 4383 1349 4432 W.
1368 4411 1404 4421 -

177 4470 226 4519 183
238 4485 315 4543 pour
329 4469 390 4520 sine
408 4468 517 4519 eiieetu.
