3316 5436
210 438 255 504 20
660 436 843 500 resinous
867 453 994 500 mooun

212 602 1449 703 idviditPaleius.DubitatatquesperatOrestes‚nihilamplius.

211 726 435 801 Dindorsrus
448 730 484 798 in
498 726 619 800 lexico
632 725 847 824 Aeschyleo
859 726 971 799 huius
982 733 1055 830 ἆρα.
1068 726 1173 826 quod
1184 728 1452 804 asseverando

211 858 292 927 sive
314 850 567 926 exclamando
590 853 772 923 inservire
793 849 899 933 dicit,
925 877 1042 924 unum
1059 867 1246 950 praeterea
1261 853 1450 954 Aeschyli

210 978 430 1076 exemplum
457 974 580 1056 allert,
603 975 671 1050 Ch.
697 976 789 1048 297:
811 982 929 1052 τοιοῖσδε
949 998 1091 1078 χρησμοῖς
1114 983 1175 1080 ἆρα
1195 992 1256 1080 χρὴ
1274 988 1452 1057 πεποιθέναι·

208 1127 249 1181 κεί
263 1119 303 1204 μὴ
318 1113 450 1190 πέποιθα,
466 1114 584 1203 τοῦργον
598 1109 655 1177 ἔστ’
670 1110 831 1203 ἐργαστέον.
847 1111 946 1176 ποὶᾶοὶ
960 1114 1019 1203 γὰρ
1033 1123 1070 1187 εἰς
1084 1111 1113 1178 ἓν
1126 1115 1332 1202 συμπίτνουσιν
1344 1117 1448 1208 ἵμεροι.

212 1231 274 1302 Sic
287 1232 568 1325 interpungunt
582 1249 691 1323 paene
707 1250 855 1306 omnes,
877 1223 944 1296 sed
958 1224 1282 1299 Wilamowitzius
1301 1235 1448 1306 τοιοῖσδι..

210 1362 370 1430 πεποιθέναι
396 1352 696 1447 interrogatione
720 1352 863 1421 vertit:
892 1348 1009 1420 «dari
1029 1348 1091 1421 ich
1117 1350 1344 1425 bezweileln
1364 1378 1450 1426 was

211 1504 254 1549 er
283 1477 427 1575 sagtla
459 1490 597 1572 estque
626 1500 711 1545 cum
743 1472 871 1545 Paleio
901 1475 952 1544 ita
984 1473 1363 1574 interpungendum:
1397 1521 1450 1533 —

210 1611 370 1678 πεποιθέναι
390 1628 397 1679 t
427 1621 490 1675 κεί..
512 1607 673 1700 ἐργαστέον·
695 1608 794 1673 collat
813 1608 869 1673 κτὲ.
895 1595 1005 1691 Quod
1028 1614 1157 1672 autem
1175 1599 1277 1698 apud
1294 1601 1449 1699 Sopho·

212 1725 310 1797 clem
329 1739 370 1795 ut
385 1723 485 1820 apud
498 1721 794 1818 Aristophanem
806 1741 866 1824 ἄρα
877 1721 1064 1819 particula
1080 1723 1206 1815 (celso
1218 1753 1250 1809 ν,
1269 1724 1447 1823 udone»)

213 1845 405 1920 interdum
437 1845 663 1946 productam
689 1847 854 1943 priorem
881 1844 996 1917 hahet
1021 1852 1120 1950 (ἄρα),
1151 1847 1244 1919 nihil
1271 1847 1318 1920 ad
1345 1848 1448 1924 hanc

213 1999 292 2044 rern
319 1971 442 2042 lacere
468 1983 640 2069 apparet.
667 1966 779 2040 Addo
803 1967 905 2067 quod
938 1985 978 2042 ut
1007 1968 1145 2043 tradita
1176 1985 1237 2044 est
1266 1974 1443 2071 stropha,

212 2098 414 2168 transitum
433 2094 559 2165 lacita
581 2095 713 2165 matris
729 2092 1026 2191 compellatione
1042 2096 1126 2185 (433
1142 2103 1235 2188 ἔτλης)
1258 2095 1306 2168 ad
1328 2099 1446 2172 Ores·

211 2223 261 2292 tis
278 2227 361 2320 (εἰδῇς
377 2221 484 2303 433);
507 2233 544 2288 at
566 2219 594 2288 si
618 2243 687 2288 suo
715 2216 800 2289 loco
822 2243 905 2289 eam
932 2221 1176 2304 moverimus,
1200 2247 1287 2319 quae
1308 2248 1445 2319 quaeso

212 2348 310 2418 ratio
326 2347 398 2416 erit
415 2359 575 2416 curtam
593 2341 721 2414 subito
738 2344 895 2414 Orestes
911 2343 1194 2440 compelletur?

262 2474 366 2543 Inter
395 2467 561 2564 reliquas
584 2482 694 2565 κομμοὺ
719 2464 897 2563 strophas
922 2492 994 2538 una
1022 2483 1095 2552 est,
1118 2494 1234 2567 quam
1259 2473 1444 2544 antistro-

212 2595 325 2695 pham
351 2596 512 2692 primam
536 2616 793 2667 numeramus,
816 2590 864 2661 de
888 2593 995 2663 cuius
1018 2595 1208 2690 personis.
1232 2596 1264 2666 si
1288 2610 1443 2670 veteres
1497 2581 1500 2588 ¹

211 2721 318 2817 sequi
336 2717 527 2799 volumuS,
547 2714 658 2787 aliter
673 2714 918 2786 statuendum
936 2731 994 2788 est
1007 2731 1121 2814 atque
1135 2744 1236 2790 nunc
1247 2732 1440 2794 statuunt.

212 2847 356 2940 Nempe
375 2840 568 2912 llediccus
583 2839 717 2920 codex,
741 2865 826 2909 cum
845 2866 912 2937 per
932 2839 1025 2911 alias
1047 2857 1158 2941 κομμοῡ
1177 2858 1308 2940 partes
1331 2870 1442 2942 para.

210 2966 367 3066 graphis
383 2967 542 3037 omnino
562 2980 701 3042 careat,
727 2962 786 3035 his
812 2963 986 3035 versibus
1008 2990 1073 3036 eas
1094 2971 1270 3065 appiotas
1292 2968 1439 3042 habet:

211 3091 293 3161 332.
322 3091 405 3162 334.
435 3090 519 3159 338.
548 3089 630 3159 340.
658 3088 741 3159 345.
768 3090 852 3158 355.
881 3074 1011 3185 Neque
1035 3092 1264 3190 paragraphi
1286 3109 1441 3166 tanturn

211 3229 313 3295 sunt,
332 3212 531 3285 sedetiam
549 3210 783 3309 adscriptum
801 3227 860 3282 est
876 3215 1000 3283 versui
1019 3215 1089 3284 332
1104 3223 1172 3302 ἔξω,
1191 3218 1262 3288 334
1277 3234 1348 3302 ἔσω,
1367 3221 1440 3293 345

87 3420 98 3441 ⁰
207 3347 274 3425 ἕξω,
294 3342 363 3410 355
379 3353 449 3414 ἔσω.
469 3335 741 3433 Significantur
757 3339 838 3407 sine
854 3333 972 3408 dubio
987 3352 1003 3419 ἡ
1018 3346 1073 3424 ἔξω
1091 3363 1233 3417 νενενινῖοι
1253 3349 1340 3425 διπλῆ
1362 3359 1401 3416 et
1422 3359 1442 3428 ἡ

208 3479 266 3541 ἔσω
280 3485 431 3555 νινενινῖα,
448 3460 496 3532 (le
513 3486 671 3558 quarum
685 3487 752 3531 usu
766 3475 804 3531 et
820 3463 856 3530 in
875 3461 1146 3557 tragoediarum
1165 3465 1339 3563 partibus
1360 3494 1440 3540 me·

209 3587 307 3667 licis,
326 3584 466 3684 quibus
483 3581 637 3680 quidem
655 3584 768 3653 etiarn
785 3609 1034 3680 personarum
1053 3584 1252 3658 distinctio
1271 3590 1375 3668 insit.
1400 3604 1440 3662 et

208 3716 247 3784 in
271 3710 445 3809 parabasi
467 3706 739 3780 comoediarum
766 3707 986 3806 llephaestio
1011 3712 1047 3780 in
1070 3709 1205 3783 ultimo
1228 3711 1348 3784 libelli
1374 3729 1440 3817 περὶ

206 3851 361 3935 ποιήματος
377 3836 502 3932 capite
519 3847 708 3930 praeeepta
721 3831 894 3929 quaedam
913 3837 1123 3931 componit.
1140 3838 1191 3906 tta
1204 3850 1331 3907 autem
1349 3863 1438 3909 eum

209 3987 285 4034 non
313 3959 422 4032 l'acilc
447 3984 533 4030 cum
560 3953 717 4028 Medicei
746 3959 846 4028 notis
873 3960 1017 4029 mancis
1040 3958 1308 4043 concilientur,
1335 3987 1439 4034 nuno

207 4084 362 4185 quidem
381 4082 546 4154 sufficiat
557 4080 605 4153 de
620 4107 662 4153 ea
682 4107 720 4151 re
737 4081 841 4178 loqui
853 4107 937 4178 qum
955 4098 1134 4180 apparet:
1154 4085 1437 4183 antistropham

209 4215 369 4311 primam
382 4205 631 4308 paragraphis
644 4208 680 4275 in
698 4220 775 4276 tres
793 4220 920 4304 partes
938 4204 1158 4279 distinctam
1177 4234 1286 4280 esse:
1306 4212 1436 4296 tta-3,

207 4339 333 4418 3347,
352 4336 478 4417 :itta-tt,
495 4331 610 4429 idque
627 4332 839 4427 antiquitus
857 4330 973 4402 luisse
987 4329 1182 4416 traditum,
1202 4359 1289 4405 cum
1307 4340 1435 4409 versui

207 4464 277 4534 334
294 4464 408 4533 etiam
424 4467 478 4546 ἐξω
494 4454 729 4554 adscriptum
748 4457 810 4526 sit.
829 4453 993 4552 Stropha
1010 4470 1136 4527 autem
1154 4472 1213 4529 est
1236 4484 1333 4543 una;
1357 4486 1437 4534 ma·
