3316 5436
579 437 731 481 arraret·
758 438 942 482 hortatur
1310 419 1374 486 277

191 587 229 656 2⁰
254 589 300 667 V,
318 588 377 670 40,
399 588 477 656 l·‘2:
500 600 572 685 μετὰ
590 594 620 662 δὲ
634 601 729 662 τοῦτον
745 586 1016 678 (Cleomenem)
1032 596 1064 662 οὐ
1077 596 1150 662 πολὺ
1163 595 1281 663 κατόπιν
1297 594 1375 663 Θεό-

140 718 219 796 δοτος
237 720 431 810 ότεταγμένος
450 722 493 786 ἐπὶ
514 720 621 796 Κοίλης
636 720 782 813 Συρίοις..,
803 721 905 810 τὰμὲν
923 725 1143 813 καταφρονήσας
1162 727 1211 788 τοὺ
1231 721 1375 807 βασιλέως

140 843 188 911 διὰ
206 850 257 918 τὴν
274 845 426 934 οὶσελγειαν
446 851 495 911 τοῦ
512 844 577 930 βίον
599 850 648 912 καί
667 858 715 921 τῆς
737 843 803 921 ὅλης
824 846 969 938 αἱρέσεως,
992 850 1028 913 τὰ
1050 843 1081 912 δὲ
1104 842 1294 922 διαπιστήσας
1318 858 1374 923 τοῖς

140 975 204 1062 περί
222 975 272 1043 τὴν
289 970 389 1053 αὐλήν,
409 967 458 1036 διὰ
476 968 517 1050 τό,
534 983 643 1063 μικροῖς
662 973 817 1062 ἑμπροσθεν
832 968 954 1062 χρόνοις,
974 967 1136 1060 ἀξιολόγους
1152 969 1374 1064 παρασχόμενος

140 1097 242 1188 χρείας
266 1105 307 1184 τῷ
330 1094 449 1180 βασιλεῖ
469 1097 536 1187 περί
551 1121 581 1161 τε
598 1093 693 1161 τᾶλλα
711 1099 759 1161 καί
784 1099 848 1187 περὶ
866 1099 915 1166 τὴν
933 1096 1048 1187 πρώτην
1067 1094 1200 1180 ἐπιβολὴν
1222 1093 1374 1184 Ἀντιόχου

856 1196 871 1221 Ι

141 1231 196 1295 τοῖς
209 1224 284 1286 κατὰ
300 1219 408 1292 Κοίλην
429 1219 540 1312 Συρίαν
558 1223 723 1313 πράγμασι,
738 1225 777 1309 μὴ
792 1219 847 1285 οἷον
866 1221 910 1284 ε’πί
924 1220 1029 1296 τοίντοις
1047 1232 1143 1309 τυχεῖν
1157 1246 1228 1296 τινος
1242 1224 1372 1313 χοίριτος,

140 1345 218 1410 ἀλλὰ
236 1344 393 1410 τούναντίον
414 1346 580 1420 ἀνακληθεὶς
602 1357 639 1420 εἰς
658 1349 708 1416 τὴν
730 1341 960 1436 Ἀλεξάνδρειαν,
983 1343 1061 1437 παρ’
1082 1345 1175 1433 ὀλίγον
1197 1342 1372 1411 κινδυνεῦσαι

139 1477 181 1557 τῷ
194 1467 251 1557 βίῳ
264 1469 326 1535 κτλ.

190 1585 249 1655 On
275 1609 322 1654 ne
343 1586 486 1655 saurait
508 1582 645 1655 douter
665 1588 778 1680 qu'en
801 1610 845 1656 oe
873 1609 1035 1682 passage
1061 1581 1096 1655 le
1120 1599 1200 1656 mot
1223 1592 1370 1678 βασιλεὺς,

140 1704 239 1777 deux
267 1706 338 1778 lois
360 1714 504 1805 repete,
536 1734 583 1779 ne
607 1707 768 1806 designo
790 1708 844 1779 les
870 1706 969 1780 deux
991 1708 1064 1779 lois
1089 1707 1125 1780 le
1146 1717 1269 1780 meme
1286 1733 1372 1780 sou-

140 1833 282 1902 verain.
301 1833 366 1915 Or,
385 1830 482 1902 dans
499 1831 533 1902 la
550 1831 689 1929 phrase
703 1847 923 1934 καταφρονήσας
937 1847 986 1908 τοῦ
999 1841 1143 1926 βασιλέως
1156 1839 1204 1908 διὰ
1218 1847 1267 1914 τὴν
1281 1842 1372 1908 ασελ-

140 1992 219 2054 γειαν
236 1971 285 2033 τοῦ
302 1966 367 2051 βίον
384 1972 433 2033 καί
452 1980 500 2042 τῆς
519 1965 584 2042 όλης
603 1963 749 2059 αἱρέσεως,
778 1956 800 2026 ll
823 1957 948 2054 sagit,
972 1982 1061 2028 sans
1084 1971 1259 2029 conlesle
1280 1984 1371 2055 pOS-

141 2079 251 2164 sihle‚
278 2080 326 2154 de
353 2082 586 2179 Philopator.
615 2083 718 2154 C'est
742 2080 842 2153 dono
867 2079 915 2153 de
940 2081 990 2152 lui
1017 2084 1118 2152 aussi
1145 2081 1236 2178 qu'il
1259 2081 1370 2178 s'agit

140 2203 235 2277 dans
251 2204 399 2279 celle-ci
415 2234 421 2275 :
440 2214 602 2305 ἀξιολόγους
616 2214 839 2308 παρασχόμενος
854 2219 954 2308 χοείας
968 2226 1008 2305 τῷ
1022 2214 1140 2300 βασιλεῖ
1150 2220 1216 2308 περί
1233 2241 1262 2282 τε
1276 2213 1371 2282 τᾶλλα

138 2344 186 2405 καί
200 2345 263 2432 περί
277 2345 327 2413 τὴν
340 2341 455 2432 πρώτην
469 2339 603 2425 ἐπιβολὴν
618 2338 772 2429 Ἀντιόχου
786 2352 842 2416 τοῖς
856 2344 931 2406 κατὰ
947 2340 1055 2413 Κοιλην
1070 2340 1181 2433 Συρίαν
1195 2343 1348 2432 πραγμασι
1362 2362 1368 2405 ;

140 2479 183 2526 ce
199 2457 261 2551 qui
279 2453 407 2554 obligo
429 2463 448 2525 a
473 2454 602 2552 placer
622 2481 712 2527 sous
734 2454 769 2526 le
786 2465 903 2553 regne
923 2455 971 2526 de
988 2455 1210 2552 Philopator
1230 2455 1265 2526 la
1283 2480 1366 2552 pre-

141 2581 257 2651 miere
272 2594 428 2676 attaque
444 2579 695 2652 d'hntioohos
716 2595 849 2652 contre
869 2579 903 2651 la
925 2579 1174 2677 Koile-Syrie.

137 2849 175 2914 εἰς
188 2838 251 2914 τοὺς
265 2847 326 2904 ἅνω
346 2836 445 2914 τόπους
460 2842 612 2930 στρατείαν
626 2837 674 2905 διὰ
689 2841 735 2904 τόν
748 2837 882 2920 κίνδυνον,
898 2840 1017 2931 ὠρέγετο
1030 2836 1060 2904 δὲ
1074 2842 1149 2904 κατὰ
1165 2843 1214 2910 τὴν
1228 2837 1258 2915 ἐξ
1271 2843 1368 2931 ἀρχῆς

136 2960 269 3055 πρόθεσιν
286 2976 335 3039 τῆς
350 2964 393 3028 ε’πὶ
408 2965 455 3029 τόν
470 2962 649 3052 Πτολεμαῖον
668 2966 828 3056 στρατείας.

187 3077 290 3149 C'est
305 3085 324 3147 a
342 3104 485 3176 propos
505 3077 553 3149 <le
579 3078 613 3148 la
630 3104 840 3174 campagne
866 3076 1117 3149 d'Antiochos
1139 3104 1184 3147 en
1202 3079 1366 3174 Atropa-

137 3210 226 3273 tene
248 3227 321 3298 que
343 3201 487 3299 Polyhe
508 3205 602 3273 ecrit
626 3229 690 3273 ces
713 3201 862 3298 lignes:
883 3227 1094 3298 oarnpagne
1110 3204 1172 3298 qui
1191 3216 1256 3272 eut
1272 3200 1363 3283 lieu,

138 3350 288 3397 comme
308 3352 356 3397 on
384 3329 470 3405 sait,
491 3325 587 3397 (lans
613 3325 701 3397 l'ete
726 3324 774 3397 de
800 3326 948 3397 l'annee
973 3326 1056 3407 220,
1085 3324 1320 3397 dest-adire
1346 3333 1366 3397 a

139 3476 212 3522 une
233 3458 383 3547 epoque
408 3458 455 3522 oh
485 3450 707 3547 Philopator
734 3453 827 3521 ttait
850 3459 1046 3522 stirement
1076 3453 1130 3522 roi
1160 3429 1362 3547 d'llgypte.

138 3574 292 3646 D'autre
308 3590 406 3671 part,
434 3574 490 3646 les
509 3591 608 3646 mors
622 3588 698 3650 κατὰ
716 3590 766 3657 τὴν
780 3583 808 3661 ἐξ
822 3590 918 3676 ἀρχῆς
932 3583 1063 3678 πρόθεσιν
1083 3600 1123 3648 se
1141 3589 1366 3672 rapportent

137 3724 208 3768 aux
227 3700 394 3771 conseils
416 3725 483 3796 par
502 3699 671 3796 lesquels
695 3699 729 3771 le
752 3703 844 3770 vizir
860 3702 1055 3771 llermeias
1075 3697 1209 3769 deoida
1231 3701 1364 3772 Antio-

138 3822 266 3895 ohosa
289 3824 461 3895 marcher
477 3838 608 3894 contre
633 3824 667 3894 la
685 3824 920 3922 KoileSyrie
934 3828 958 3894 ¹.
980 3823 1005 3893 ll
1024 3825 1099 3894 suit
1116 3822 1163 3893 de
1181 3821 1215 3893 la
1237 3847 1311 3919 que
1332 3825 1363 3892 si

138 3928 345 4045 Evergetes
370 3952 517 4047 regnait
539 3974 678 4021 encore
706 3949 783 4020 lors
808 3948 855 4021 de
878 3964 980 4021 cette
1005 3945 1225 4044 expedition
1248 3992 1296 4001 —
1320 3973 1363 4019 ce

137 4098 210 4169 que
228 4072 386 4170 pretend
407 4073 561 4154 lleloeh
584 4117 632 4125 —
653 4073 676 4142 il
696 4072 858 4144 faudrait
874 4099 948 4170 que
965 4073 999 4145 le
1016 4098 1103 4143 nom
1121 4070 1169 4143 de
1185 4080 1365 4170 Πτολεμαῖος

136 4195 313 4295 designat
334 4200 379 4268 ici
403 4206 522 4269 touta
539 4198 573 4268 la
597 4197 667 4269 lois
688 4213 726 4269 et
748 4177 954 4295 llvergetes
975 4212 1012 4268 et
1036 4195 1272 4293 Philopator.
1304 4197 1362 4266 On

173 4471 181 4501 ¹
202 4472 243 4523 Cf.
262 4474 295 4531 V,
312 4474 356 4531 42,
373 4474 405 4532 ἰς
424 4474 466 4534 45,
484 4476 551 4526 5-6;
574 4462 699 4546 Ἐρμιιιις
713 4469 740 4525 oli
756 4483 843 4544 τυρῶν
865 4480 921 4532 τὴν
943 4470 975 4535 l}
994 4468 1100 4545 ἀρχὴς
1122 4469 1285 4541 πρόθεσιν
1306 4468 1362 4524 κτλ.
