3316 5436
476 1018 629 1086 TABLE
655 1019 742 1087 DES
767 1017 1009 1088 PLANCHES

128 1561 273 1624 Portrait
288 1562 329 1623 de
344 1561 359 1623 J
364 1560 434 1623 ulos
450 1559 565 1623 Nicole
605 1606 1092 1622 ..........
1127 1560 1351 1641 Frontispice.

127 1735 260 1798 Laraire
276 1736 336 1797 dos
351 1735 518 1797 Antistius
534 1733 551 1794 l
567 1732 715 1795 Thibilis
735 1736 829 1816 (sace)
869 1781 1251 1797 ........
1269 1669 1353 1799 Pas&

127 1841 260 1903 Larairo
278 1842 337 1903 des
352 1841 519 1904 Antistius
535 1840 553 1901 ἐι
569 1839 717 1902 Thibilis
735 1840 855 1920 (profil)
871 1888 1251 1904 ........
1314 1847 1353 1905 46

127 1948 212 2010 Vase
230 1948 418 2028 messapien
432 1948 477 2010 du
494 1946 571 2009 lV¹⁰⁸
587 1946 688 2009 siocle
710 1994 1251 2011 ...........
1297 1954 1353 2014 150

126 2054 212 2117 Vase
229 2054 430 2135 messapien.
448 2052 595 2115 Tableau
612 2054 653 2116 de
668 2053 811 2135 l'opaule
836 2139 839 2143 .
870 2101 1251 2118 ........
1297 2063 1353 2120 160

126 2161 212 2223 Vnse
228 2163 273 2224 du
288 2161 436 2242 Dipylon
495 2208 1250 2225 ...............
1294 2169 1352 2227 233

126 2269 255 2331 Bronze
271 2269 316 2330 du
333 2268 447 2330 Muse'e
463 2268 505 2329 de
520 2266 643 2348 Naples
656 2315 1250 2332 ............
1293 2278 1351 2335 357

126 2375 275 2455 Fresque
291 2376 333 2437 de
349 2374 489 2455 Pompeii
549 2422 1249 2440 ..............
1293 2384 1351 2441 362

126 2481 207 2545 Toto
223 2483 264 2544 de
281 2485 382 2563 nigre
398 2482 443 2545 du
459 2481 603 2544 Cabinet
617 2482 677 2544 des
694 2481 869 2544 Modailles
923 2529 1250 2547 .......
1293 2491 1351 2549 364

126 2587 207 2651 Toto
223 2589 373 2651 d’enl'ant
388 2635 1249 2654 .................
1293 2597 1351 2656 364

126 2695 196 2758 Vue
212 2696 253 2757 de
269 2695 350 2757 Deir
365 2695 396 2757 el
412 2695 530 2757 bahari
550 2742 1249 2761 ..............
1293 2706 1349 2764 391

125 2800 271 2882 Apollon
288 2803 329 2864 de
343 2802 494 2881 Dionyso
549 2849 1250 2869 ..............
1294 2811 1350 2872 401

125 2907 271 2989 Apollon
288 2909 329 2970 de
344 2907 453 2971 Naxos
495 2956 1249 2975 ...............
1293 2919 1352 2979 404

125 3015 249 3094 Hydrie
266 3016 309 3077 du
326 3015 439 3078 Museo
455 3014 638 3078 d'Athones
657 3063 1249 3083 ............
1293 3027 1352 3086 406

125 3122 319 3201 Ganymode
335 3123 377 3184 de
394 3122 543 3205 Sartiges
560 3122 652 3203 (face)
707 3169 1249 3189 ...........
1293 3134 1351 3193 445

125 3229 320 3308 Gonymide
337 3230 378 3291 de
395 3228 544 3312 Sartiges
561 3230 646 3309 (dos)
654 3276 1249 3296 ............
1293 3239 1351 3298 446

125 3336 319 3415 Ganymode
336 3337 377 3398 de
394 3336 544 3419 sartiges
562 3336 683 3417 (profil)
707 3383 1248 3403 ...........
1292 3346 1351 3406 448

125 3444 149 3506 F
153 3442 321 3504 ac-similo
337 3443 380 3504 du
398 3464 544 3524 papyrus
560 3443 679 3506 XXXV
696 3445 737 3506 de
753 3444 908 3526 Magdola
921 3494 1195 3510 ......
1241 3470 1248 3484 ·
1292 3454 1348 3513 451

125 3549 271 3611 Ηέείοάθ
280 3597 1247 3617 ...................
1292 3561 1348 3619 461

124 3655 246 3717 Βόοῑεῑ
261 3657 389 3736 attique
439 3703 1247 3732 ................
1292 3670 1349 3727 597

124 3760 242 3824 Armes
258 3775 290 3825 et
305 3763 407 3825 outils
424 3785 519 3845 grecs
534 3765 576 3826 de
592 3764 676 3847 l'ige
692 3766 735 3827 du
752 3765 876 3829 bronze
921 3814 1248 3831 .......
1291 3775 1350 3833 606

123 3868 301 3951 lugement
316 3871 357 3932 do
373 3870 466 3933 Poris
485 3870 570 3952 (huit
586 3871 720 3952 ligures)
760 3920 1246 3938 ..........
1291 3883 1349 3940 653
