3406 5438
340 527 383 591 22
787 527 971 592 uinnuons
995 544 1122 590 mooun

341 704 399 794 ἐμέ,
415 701 531 794 uersata
549 702 579 771 δὲ
597 707 644 771 τὸν
663 704 817 798 Ὀρέστην.
841 692 915 766 Sed
937 695 1093 790 partitio
1113 695 1228 765 etiam
1252 694 1423 790 ipsorum
1445 703 1569 796 ῥυθμῶν

343 821 489 891 ratione
515 818 709 891 suadetur.
739 821 923 918 Exposuit
950 821 1002 891 W
1005 816 1270 889 iiamowitzius
1297 831 1479 915 quattuor
1501 843 1567 914 pe-

344 943 486 1024 riodos,
505 969 550 1015 ex
572 944 712 1042 quibus
733 957 898 1025 constat,
917 967 1051 1015 omnes
1073 945 1172 1013 inter
1191 968 1232 1014 se
1255 940 1313 1014 vei
1340 941 1486 1014 similes
1506 941 1565 1014 vei

342 1067 510 1165 aequaies
531 1094 616 1140 esse
639 1074 790 1166 (nempe
810 1074 927 1153 δίπαις..
948 1080 1131 1154 &nantuato
1151 1099 1199 1131 z
1217 1079 1246 1142 τί
1263 1073 1367 1143 τῶνδ’..
1384 1072 1472 1148 irat:
1492 1092 1567 1164 qua

343 1217 383 1264 re
399 1191 480 1264 haec
498 1191 689 1291 strophae
712 1194 895 1290 proximis
912 1189 1053 1271 differt,
1072 1194 1320 1290 coniungitur
1335 1206 1461 1263 autem
1480 1218 1566 1262 cum

343 1317 488 1389 ultimis
504 1316 654 1389 duabus
674 1316 721 1389 de
742 1316 882 1414 quibus
903 1343 1017 1415 supra
1034 1319 1196 1414 egimus,
1216 1319 1308 1410 Quae
1324 1331 1451 1388 autern
1469 1318 1568 1387 inter

343 1467 384 1512 se
403 1440 651 1539 respondent,
671 1468 746 1513 non
764 1443 847 1512 sine
864 1443 1011 1513 ratione
1033 1456 1217 1539 putantur
1232 1443 1331 1513 inter
1352 1466 1393 1512 se
1410 1466 1568 1539 respon·

343 1565 513 1638 dentium
531 1592 630 1638 esse.
653 1563 814 1641 Videtur
830 1568 945 1664 igitur
962 1567 1042 1663 ipsa
1060 1565 1172 1637 huius
1189 1564 1357 1664 strophae
1375 1579 1567 1638 structura

343 1689 551 1775 declarare,
571 1692 606 1760 in
624 1692 852 1788 repetitione
868 1706 973 1761 certe
988 1688 1265 1787 antistrophica
1285 1715 1359 1760 non
1376 1715 1461 1761 esse
1482 1715 1566 1761 eam

343 1815 391 1886 ab
406 1840 483 1887 uno
499 1814 701 1912 prolatam.

395 1942 480 2011 Haec
493 1939 622 2021 habui,
632 1941 700 2012 Vir
710 1966 857 2012 summe
869 1937 1045 2023 colende,
1060 1965 1144 2037 quae
1158 1965 1257 2011 nunc
1269 1939 1353 2011 Tibi
1366 1937 1564 2011 offerrem:

344 2088 429 2160 quae
445 2065 475 2135 si
494 2089 538 2136 ex
554 2079 662 2163 parte
679 2063 814 2136 saltem
832 2090 1030 2136 assensum
1048 2066 1170 2135 Tuum
1187 2063 1359 2144 tulerint,
1378 2060 1488 2135 valde
1503 2062 1568 2134 lae-

344 2187 456 2260 tabor
470 2186 597 2261 officio
615 2215 700 2261 meo
717 2214 868 2260 menon
885 2187 1067 2261 defuisse.

393 2343 436 2412 Ι).
458 2339 561 2412 Halis
578 2365 709 2412 mense
726 2340 931 2412 Februario
952 2341 1055 2412 1905.

1130 2522 1324 2591 Furnnrucu
1353 2518 1515 2591 BLASS.
