3406 5438
230 423 273 489 90
674 424 860 489 antinous
885 444 1011 490 urcons

231 589 337 662 danti
368 593 486 662 menti
516 588 787 663 confidentiam
826 591 1007 690 praebet¹.
1040 594 1208 666 Scientia
1237 618 1324 665 cum
1355 595 1462 690 igno·

231 716 393 786 rantiam
411 713 529 814 fugat,
553 715 697 786 lumine
712 741 782 788 suo
802 741 890 789 eum
911 743 1026 814 quem
1049 715 1256 816 repleuerit
1278 716 1457 789 illustrat.

231 841 358 911 Pietas
380 838 650 911 misericordiae
671 839 853 938 operibus
873 866 988 938 quem
1007 841 1228 939 repleuerit‚
1252 839 1461 914 exuberare

231 963 422 1036 concedit.
446 966 576 1036 Timor
595 963 739 1037 domini
758 967 898 1062 premit
922 980 1105 1048 mentem,
1130 990 1177 1037 ne
1198 964 1245 1037 de
1264 967 1461 1062 praesenti-

232 1087 304 1160 bus
325 1086 535 1187 superbiat,
559 1086 763 1160 defuturis
786 1087 890 1161 illam
915 1091 996 1187 spei
1020 1088 1231 1162 refectione
1251 1088 1457 1162 confortat.

232 1215 295 1286 Sic
315 1216 416 1286 enim
437 1211 604 1311 quodam
632 1211 866 1287 adminiculo
887 1216 945 1286 sui
972 1216 1135 1287 inuicem
1158 1214 1231 1287 sibi
1255 1216 1457 1298 succurrit,

233 1353 274 1410 ut
289 1336 380 1409 dum
397 1337 500 1410 aliud
517 1337 578 1409 alii
601 1336 846 1436 suffragatur,
870 1363 943 1411 una
964 1364 1096 1411 eorum
1119 1354 1158 1410 et
1177 1353 1301 1411 status
1322 1336 1461 1410 decen-

231 1464 380 1535 tissime
396 1477 663 1560 componatur.
683 1465 806 1535 Minor
825 1464 970 1561 quippe
990 1478 1050 1534 est
1072 1465 1273 1562 sapientia,
1292 1465 1323 1534 si
1346 1460 1460 1535 intel-

233 1585 335 1659 lectu
351 1601 492 1659 careat.
514 1589 559 1659 Et
575 1585 687 1658 ualde
704 1585 849 1659 inutilis
866 1586 1087 1659 intellectus
1105 1601 1178 1669 est,
1197 1588 1227 1659 si
1245 1612 1290 1659 ex
1307 1589 1461 1685 sapien-

233 1713 284 1783 tia
313 1736 389 1783 non
417 1710 620 1796 subsistat;
647 1714 734 1809 quia
761 1737 848 1784 cum
875 1711 1010 1784 altiora
1036 1714 1118 1783 sine
1139 1714 1339 1808 sapientiae
1363 1736 1462 1810 pon-

234 1834 325 1908 dere
349 1850 537 1933 penetrat,
566 1861 633 1907 sua
662 1835 768 1907 illum
790 1835 928 1908 leuitas
952 1839 1108 1934 grauius
1129 1838 1315 1908 ruiturum
1342 1835 1458 1908 leuat.

234 1958 318 2033 Vile
338 1975 399 2032 est
418 1959 621 2033 consilium
643 1963 702 2032 cui
730 1959 846 2033 robur
869 1959 1103 2032 fortitudinis
1129 1959 1251 2043 deest,
1270 1963 1359 2058 quia
1375 1986 1460 2057 quae

234 2083 434 2157 tractando
457 2087 618 2164 inuenit,
636 2110 771 2157 carens
792 2083 951 2165 uiribus,
970 2111 1092 2182 usque
1113 2083 1159 2156 ad
1184 2084 1460 2182 perfectionem

234 2211 362 2306 operis
387 2234 462 2281 non
492 2207 681 2306 perducit.
710 2211 756 2280 Et
782 2207 894 2281 ualde
924 2207 1110 2281 tortitudo
1139 2208 1363 2291 destruitur,
1387 2211 1460 2280 nisi

234 2359 304 2432 per
319 2332 521 2405 consilium
544 2332 739 2416 fulciatur3
762 2336 848 2430 quia
876 2359 952 2431 quo
977 2332 1065 2432 plus
1089 2359 1131 2406 se
1152 2332 1289 2406 sortem
1311 2335 1463 2431 conspi-

234 2460 301 2542 cit,
326 2483 372 2529 eo
392 2460 515 2529 uirtus
540 2459 622 2529 sine
647 2455 910 2530 moderatione
932 2458 1095 2530 celerius
1115 2460 1153 2528 in
1177 2482 1349 2557 praeceps
1371 2459 1457 2528 ruit.

235 2581 345 2654 Nulla
366 2597 426 2655 est
442 2584 602 2655 scientia
623 2584 654 2654 si
672 2581 925 2654 humilitatem
949 2585 1103 2680 pietatis
1125 2608 1200 2654 non
1221 2581 1355 2666 haben
1373 2585 1461 2680 quia

235 2707 325 2779 dum
357 2706 456 2779 bona
486 2706 667 2805 dogmata
696 2709 851 2804 exsequi
884 2707 1058 2806 negligit,
1089 2733 1175 2780 sese
1202 2705 1248 2778 ad
1279 2705 1460 2778 iudicium

235 2834 354 2904 artius
375 2834 543 2930 stringit.
563 2834 608 2903 Et
625 2829 737 2903 ualde
758 2829 904 2902 inutilis
922 2846 981 2903 est
998 2834 1121 2929 pietas
1142 2833 1173 2903 si
1191 2833 1361 2903 scientiae
1381 2830 1463 2902 dis-

236 2959 407 3029 cretione
433 2971 557 3038 caret;
585 2957 672 3053 quia
697 2954 787 3026 dum
810 2954 913 3027 nulla
941 2955 1037 3028 hanc
1064 2959 1223 3028 scicntia
1253 2955 1460 3039 illuminat,

236 3081 431 3179 quomodo
449 3083 674 3153 misereatur
685 3083 849 3178 ignorat.
865 3083 995 3152 Timor
1010 3107 1163 3179 quoque
1177 3083 1247 3152 nisi
1261 3080 1328 3152 has
1345 3083 1460 3153 etiam

235 3208 399 3278 uirtutes
420 3204 608 3286 habuerit,
628 3203 674 3276 ad
696 3204 842 3275 nullum
863 3230 961 3302 opus
983 3204 1114 3302 procul
1136 3204 1254 3277 dubio
1272 3205 1381 3276 bonae
1403 3231 1463 3276 ac·

236 3332 351 3401 tionis
377 3333 519 3427 surgit,
546 3331 633 3427 quia
660 3328 748 3400 dum
776 3327 821 3400 ad
848 3343 985 3400 cuncta
1003 3327 1182 3427 trepidat,
1201 3331 1283 3427 ipse
1307 3331 1364 3401 sui
1389 3327 1462 3400 for·

238 3454 379 3525 midine
407 3480 425 3524 a
454 3453 563 3525 bonis
583 3452 762 3526 omnibus
791 3470 949 3552 torpens
975 3468 1097 3525 uacat.
1122 3456 1373 3551 Summopere
1394 3455 1464 3524 ita·

236 3605 310 3676 que
326 3577 610 3650 obseruandum
632 3592 691 3650 est
716 3604 762 3649 ex
783 3579 902 3675 ipsius
920 3580 1049 3649 'sancti
1072 3580 1229 3675 spiritus
1256 3575 1459 3661 adiutori0,

237 3729 283 3774 ne
309 3705 495 3802 sapientia
516 3701 684 3784 deuiet²;
713 3727 759 3773 ne
787 3701 1020 3781 intellectus,
1044 3700 1134 3773 dum
1161 3701 1354 3773 subtiliter
1379 3727 1463 3773 our-

237 3831 299 3910 rit,
330 3827 498 3910 aberret3
527 3852 573 3899 ne
599 3827 815 3906 consilium,
844 3825 934 3897 dum
961 3853 1001 3898 se
1029 3826 1269 3924 multiplicat,
1300 3826 1463 3898 consun-

236 3950 321 4033 dat;
350 3978 396 4024 ne
427 3950 625 4033 fortitudo,
649 3950 737 4022 dum
768 3950 945 4023 fiduciam
969 3950 1127 4048 praebet,
1156 3953 1388 4049 praeoipitet3
1416 3976 1463 4022 ne

237 4078 397 4147 scientia
417 4074 507 4146 dum
529 4078 637 4147 nouit
662 4092 699 4147 et
725 4102 799 4146 non
826 4073 965 4173 diligit,
984 4075 1112 4158 milet,
1139 4101 1185 4146 ne
1212 4078 1347 4173 pietaS,
1371 4074 1461 4145 (lum

238 4225 278 4271 se
294 4214 398 4272 extra
421 4198 689 4271 rectitudinem
709 4200 879 4281 inclinat,
900 4203 1137 4296 intorqueat;
1162 4226 1208 4271 ne
1225 4203 1351 4278 timor,
1371 4196 1462 4269 dum

274 4404 281 4434 ¹
303 4405 357 4455 Ms.
374 4403 514 4473 proebeat.

272 4487 282 4519 ²
303 4489 334 4539 lu
349 4506 402 4539 ms.
419 4486 524 4540 deuel?
539 4486 639 4541 deerit.
