3316 5436
668 422 765 467 svm.
794 423 824 466 P.
851 422 1011 467 LAMBnos

1393 401 1459 469 649

278 584 433 662 κοκρέοντι
447 582 487 662 τῷ
504 577 647 662 Κυπρίῳ.
664 578 729 643 Kal
742 600 812 644 ποτε
868 584 919 656 καί
934 578 1019 664 εἶχεν
1034 577 1153 666 ίχθρίν
1165 576 1389 663 Νικοκρέοντα,
1407 582 1456 642 τὸν

274 691 812 782 συνεστιώμενοςἈλεξάνδρῳ,ἐρο·

867 693 995 784 ΙΙίνπρου
1029 698 1190 781 τυραννον.
1223 694 1289 759 Καί
1319 719 1389 761 ποτε
1422 699 1454 759 έν

272 819 364 898 μένου
400 820 450 879 τοῦ
487 810 645 892 βασιλέως
674 814 712 879 Τί
744 817 811 900 ἄρα
866 819 1027 898 συμποσίῳ
1044 821 1095 878 του
1114 807 1322 898 Ἀλεξάνδρου
1337 818 1454 900 ἐρωτῆ-

273 954 319 996 σοι
342 937 374 998 τὸ
395 925 513 996 δεῖπνον
532 926 626 1010 δοκεῖ,
648 931 704 1022 ἔφη
727 932 811 997 Πάν·

233 1073 246 1112 ο
271 1075 310 1117 τα
339 1046 513 1124 πολυτελές·
545 1044 609 1114 ἔδει
643 1044 678 1115 δέ
709 1049 809 1114 λοιπὸν

272 1166 411 1256 κεφαλὴν
433 1173 596 1251 σατράπου
621 1168 808 1251 παρατεθῆ-

272 1309 335 1349 ναι.
361 1285 460 1352 Τοῦτο
483 1279 513 1349 δ’
540 1285 602 1349 εἷπε
633 1280 686 1349 διά
715 1283 807 1350 Νικο·
833 1281 837 1289 ’

272 1407 416 1486 κρέοντα·
436 1401 481 1466 ‘0
508 1396 544 1466 δὲ
566 1412 809 1486 μνησικακήσας

272 1527 349 1603 μετά
379 1517 523 1590 τελευτὴν
552 1527 603 1586 τοῦ
631 1516 806 1601 βασιλέως,

219 1661 247 1700 ιο
271 1633 318 1705 ὅτε
345 1635 435 1702 πλέον
459 1637 660 1726 προςηνέχθη
687 1663 722 1725 τη
743 1635 808 1702 Κίν-

270 1777 351 1840 πρῳ,
383 1751 558 1836 συλλαβών
580 1759 672 1822 αὑτὸν
692 1764 744 1820 καί
766 1765 808 1830 είς

270 1868 359 1956 ὅλμον
391 1866 502 1952 βαλὼν
528 1870 675 1937 ἐκέλευσε
700 1876 807 1939 τυπτο-

272 1988 351 2052 σθαι
366 1983 504 2068 σιδηροῖς
516 1991 648 2073 ὑπέροις.
659 1989 704 2054 Ὀ
715 1984 750 2055 δὲ
761 1998 803 2074 μῆ

271 2109 438 2191 φροντίζων
451 2104 540 2197 ἔλεγε
550 2107 683 2183 Πτίσσε,
696 2115 806 2172 πτίσσε

218 2245 247 2286 ιο
271 2228 321 2290 τὸν
334 2218 539 2313 Ἀναξάρχου
550 2221 703 2295 θύλακον,
714 2217 806 2291 Ἀνοί-

271 2335 391 2426 ξαρχον
411 2335 446 2406 δέ
468 2345 501 2405 οὐ
518 2340 657 2416 πλήττεις
688 2340 806 2407 Κελεν-

270 2480 380 2531 σαντος
393 2452 428 2522 δὲ
443 2465 495 2524 τοῦ
512 2464 667 2545 τυράννου
685 2468 737 2523 καί
749 2468 804 2530 τῆν

269 2572 410 2659 γλῶτταν
441 2578 537 2641 αὐτοῦ
570 2576 804 2660 άποτμηθῆναι,

269 2692 458 2780 άποτραγών
478 2696 685 2774 προςέπτνσεν
707 2697 803 2780 αὐτῷ.

217 2831 243 2871 ιο

300 3151 361 3221 Ἐκ
387 3182 462 3233 τινος
487 3166 552 3249 γάρ
582 3159 702 3251 πληγῆς
728 3155 803 3226 ίδών

268 3277 362 3340 αὑτοῦ
383 3282 561 3362 καταρρέον
580 3281 672 3363 αίμα,
698 3273 802 3357 δείξας

215 3412 243 3452 κο
267 3394 303 3479 τῇ
324 3402 408 3480 χειρί
426 3416 513 3478 φησι·
538 3396 631 3462 Τουτὶ
647 3400 703 3479 μίν
723 3399 801 3481 αἷμα

269 3516 321 3571 καί
348 3513 403 3573 οὐκ
431 3513 527 3596 ίχώρ,
557 3513 633 3586 οἷός
656 3519 730 3596 πέρ
760 3538 799 3580 τε

267 3624 345 3709 ῥέει
380 3635 606 3712 μακάρεσσι
640 3629 798 3693 θεοῖσιν.

267 3734 370 3805 Ἀλλά
403 3752 455 3807 καί
498 3743 611 3810 άλλοτε
650 3755 800 3834 προπίνων

267 3861 364 3942 αὐτῷ,
386 3854 491 3936 δείξας
510 3869 566 3932 τῆν
590 3861 712 3932 κὺλικα,
739 3863 801 3928 εἷπε

213 3997 243 4037 ου
267 3969 515 4054 Βεβλῆσεταί
532 3978 693 4053 τιςθεῶν
710 3975 801 4063 βρο-

266 4101 383 4176 τησίᾳ
404 4102 535 4182 χειρί.

866 951 977 1004 σαντες
1009 934 1115 1006 αὐτὸν,
1150 937 1176 994 τί
1206 934 1272 1016 οἶμα
1307 925 1392 996 δοκεῖ
1422 936 1454 997 τὸ

866 1041 1011 1118 δείπνον;
1028 1055 1119 1112 είπείυ
1132 1042 1292 1137 φασιν,Ὠ
1306 1043 1454 1129 βασιλεῦ,

863 1171 966 1230 πάντα
991 1164 1174 1239 πολυτελῶς·
1199 1160 1263 1231 ἔδει
1291 1162 1326 1232 δι’
1353 1164 1452 1230 λοιπὸν

864 1281 1000 1370 κεφαλὴν
1028 1291 1191 1370 σατράπου
1216 1289 1292 1358 τινὸς
1314 1307 1453 1370 παρατε·

862 1397 1013 1464 θιίσθαι·
1060 1408 1252 1489 ἀπορρίπτων
1287 1405 1360 1489 πρὸς
1402 1405 1450 1465 τὸν

862 1514 1085 1603 Νικοκρέοντα.
1112 1513 1189 1598 (59).
1204 1518 1249 1583 Ὁ
1270 1516 1319 1596 δέ,
1340 1541 1451 1607 μνησι·

862 1643 1018 1711 κακῆσας,
1043 1643 1122 1719 μετά
1148 1643 1203 1707 τῆν
1228 1635 1373 1709 τελευτῆν
1398 1643 1450 1703 τοῦ

861 1746 1033 1832 βασιλέως,
1070 1748 1118 1819 ὅτε
1154 1752 1257 1818 πλέων
1298 1761 1451 1831 άκονσίως

860 1869 1060 1955 προςηνέχθη
1074 1875 1110 1959 τῇ
1128 1869 1250 1957 Κύπρῳ
1265 1873 1279 1935 ὁ
1295 1866 1450 1960 Ἀνάξαρ-

862 2012 929 2073 χος,
950 1983 1124 2069 συλλαβών
1145 1993 1237 2056 αὺτὸν
1263 2000 1315 2056 καί
1340 1999 1380 2065 είς
1401 1988 1450 2056 ὅλ-

860 2130 916 2189 μον
957 2100 1081 2186 βαλών.
1119 2105 1265 2172 ἐκέλευσε
1312 2103 1450 2193 σιδηροῖς

861 2224 981 2305 ὑπέροις
1018 2224 1202 2289 τύπτεσθαι.
1235 2224 1297 2289 Τὸν
1332 2220 1379 2302 δέ,
1414 2230 1448 2290 οὐ

860 2347 1065 2428 φροντίσαντα
1094 2351 1147 2415 τῆς
1177 2349 1331 2426 τιμωρίας,
1357 2349 1448 2408 εἰπεῖν

859 2461 954 2521 ἐκεῖνο
968 2452 1006 2528 δὴ
1020 2463 1052 2525 τὸ
1063 2463 1313 2548 περιφερόμενον,
1327 2461 1445 2527 Πτίσσε

858 2580 907 2642 τόν
937 2571 1136 2663 Ἀναξάρχου
1162 2576 1313 2654 θύλακον,
1336 2570 1448 2656 Ἀνάξ-

859 2716 958 2780 αρχον
978 2689 1013 2758 δι’
1037 2698 1070 2758 οὐ
1093 2692 1243 2769 πλήττεις.
1266 2692 1448 2762 Κελεὺσαν·

858 2836 906 2886 τος
936 2805 970 2876 δὲ
997 2821 1048 2880 τοῦ
1074 2811 1285 2899 Νικοκράτους
1313 2824 1366 2880 καί
1392 2824 1447 2887 τῆν

858 2927 999 3020 γλῶτταν
1019 2934 1114 2996 αὑτοῦ
1129 2932 1337 3014 ἐκτμηθῆναι,
1362 2931 1446 3024 λόγος

858 3052 1075 3138 α’ποτροιγέντα
1095 3051 1252 3133 ίμπτίισαι
1272 3052 1369 3135 αὐτῷ.

903 3158 978 3241 (ΙΙΙ,
995 3158 1063 3242 60).
1091 3159 1216 3235 Ἐπειδῆ
1237 3172 1302 3255 γάρ
1318 3166 1352 3231 ἔκ
1371 3191 1447 3242 τινος

857 3277 979 3369 πληγῆς
988 3274 1068 3345 είδεν
1078 3285 1161 3367 αὐτῷ
1171 3290 1341 3369 καταρρέον
1353 3289 1443 3368 αίμα,

857 3392 963 3475 δείξας
983 3403 1018 3487 τῇ
1042 3408 1122 3486 χειρί
1147 3407 1220 3487 πρὸς
1242 3406 1335 3467 αὐτόν
1356 3425 1444 3494 φησι,

856 3514 946 3581 Τουτί
963 3522 1022 3601 μὲν
1040 3520 1131 3602 αἷμα,
1153 3527 1206 3584 καί
1221 3523 1276 3583 οὐκ
1292 3521 1384 3609 ίχιίρ,

856 3634 913 3708 οἶος
927 3638 986 3719 πέρ
1001 3658 1032 3701 τε
1052 3634 1119 3720 ῥέει
1131 3642 1313 3722 μακάρεσσι
1330 3638 1443 3705 θεοῖσι.

857 3749 1059 3839 Πλούταρχος
1074 3748 1108 3818 δί
1127 3757 1220 3821 αὑτὸν
1238 3749 1445 3842 Ἀλέξανδρον

857 3876 942 3935 τοῦτο
981 3866 1069 3947 λέξαι
1112 3877 1187 3957 πρὸς
1228 3878 1297 3947 τοὺς
1339 3872 1445 3965 φίλους

856 3994 961 4078 φησίν·
996 3979 1098 4070 {And
1125 3999 1178 4052 καί
1204 3986 1315 4056 ἄλλοτε
1339 3998 1444 4080 προπί-

856 4127 945 4170 νοντα
959 4107 1044 4189 αὐτῷ
1057 4111 1106 4172 τὸν
1120 4099 1332 4191 Ἀνάξαρχον,
1346 4101 1445 4184 δείξαι

855 4228 910 4291 τῆν
926 4221 1053 4292 κύλικα,
1068 4231 1121 4287 καί
1133 4216 1446 4306 είπεῖνΙΒληθῆσεταί

855 4362 898 4412 τις
915 4338 999 4402 θεῶν
1018 4335 1173 4424 βροτησίᾳ
1193 4347 1288 4429 χειρί.

250 4472 543 4527 mmmm
591 4475 740 4546 25.φησί
786 4475 937 4536 26.οἶος.
977 4477 1225 4552 27.μακίιρισι
