3316 5436
248 1305 307 1368 DE
335 1301 651 1369 PERSONARUM
678 1302 1043 1370 DlSTRlBUTlONE
1073 1304 1114 1367 ΙΝ
1143 1301 1268 1368 LOCO

436 1454 824 1522 CHOEPHORORUM
852 1453 1080 1521 nEscflrm

199 1994 342 2067 Prodiit
367 2010 455 2067 ante
481 1994 550 2066 hos
577 2021 719 2093 paucos
741 2021 893 2067 menses
922 1995 1087 2067 Berolini
1117 1994 1217 2093 apud
1238 1993 1370 2067 Weid-

147 2145 309 2191 mannos
325 2122 600 2191 commentatio
620 2119 667 2191 ‹te
687 2132 859 2219 στιχομυθίᾳ
881 2146 965 2217 quae
988 2119 1128 2191 dicitur
1149 2135 1188 2192 et
1209 2122 1372 2217 tragico·

147 2271 230 2316 mm
257 2259 454 2341 poetarum
476 2246 693 2316 Graecorum
710 2258 749 2317 et
771 2247 1018 2327 comicorum,
1044 2246 1186 2342 scripta
1209 2270 1228 2314 a
1254 2243 1370 2316 docto

148 2367 396 2441 adulescente
421 2368 561 2441 Adolfo
585 2371 714 2441 Gross.
741 2367 989 2467 Explicantur
1013 2384 1161 2451 natura,
1186 2370 1367 2466 origines

148 2519 396 2593 progressus;
411 2492 518 2565 multi
531 2492 605 2566 loci
619 2496 851 2593 tragicorum
865 2495 1050 2592 imprimis
1062 2507 1260 2590 poetarum
1273 2507 1371 2564 trac·

149 2633 290 2700 tantur,
317 2620 415 2689 inter
430 2643 526 2714 quos
543 2631 551 2703 t
559 2644 593 2712 p.
614 2621 658 2689 53
676 2622 748 2715 sq.)
771 2616 950 2716 Aeschyli
974 2619 1038 2714 qui
1055 2630 1180 2689 exstat
1196 2615 1368 2714 Choeph.

149 2741 321 2813 479-509.
332 2744 501 2838 Apparet
511 2754 793 2840 arzgopollwquae
804 2743 958 2839 proprie
970 2739 1186 2838 appelletur
1197 2742 1233 2811 in
1247 2738 1372 2812 media

149 2881 297 2937 tantum
314 2869 397 2937 eius
420 2865 492 2936 loci
518 2881 625 2963 parte
646 2881 809 2946 exstare,
837 2864 925 2936 inde
951 2891 971 2935 a
996 2891 1031 2935 r.
1059 2867 1149 2947 4893
1175 2880 1307 2936 contra
1334 2867 1371 2936 in

150 2993 271 3087 prima
288 3015 411 3087 neque
430 2992 553 3060 minus
571 2992 605 3059 in
625 3004 792 3060 extrema
807 2989 865 3060 vel
885 2989 996 3061 binos
1012 3015 1144 3060 versus
1160 2987 1219 3061 vel
1241 3004 1372 3061 ternos

118 3101 122 3107 ’
150 3111 210 3184 vel
241 3115 447 3205 (Grossium
478 3116 508 3184 si
540 3125 756 3211 sequamur)
788 3115 899 3184 etiam
932 3113 1060 3210 plures
1089 3128 1128 3185 et
1159 3113 1206 3185 ab
1235 3115 1372 3186 Oreste

150 3252 189 3309 et
205 3235 252 3307 ab
274 3236 423 3308 Electra
446 3239 696 3334 pronuntiari,
717 3240 768 3308 ita
793 3252 919 3309 tamen
947 3252 987 3308 ut
1011 3236 1251 3335 aequabilitas
1272 3263 1372 3335 quaa·

151 3360 238 3431 dam
255 3376 458 3458 certusque
475 3360 570 3432 ordo
589 3387 831 3433 numerorum
851 3360 991 3459 ubique
1013 3364 1092 3432 sive
1114 3364 1270 3460 agnosci
1293 3365 1373 3433 sive

151 3512 237 3557 cum
255 3489 401 3557 ratione
419 3489 556 3583 requiri
575 3488 711 3583 possit.
734 3490 799 3557 Est
821 3500 948 3557 autem
972 3484 1188 3583 requirendi
1214 3489 1309 3558 ratio
1336 3488 1372 3556 in

151 3636 198 3681 eo
214 3612 351 3707 posita,
370 3608 474 3707 quod
496 3635 563 3707 per
578 3625 696 3681 totam
715 3609 940 3708 tragoediam
956 3635 1121 3708 graecam
1145 3608 1233 3681 talis
1249 3633 1374 3706 aequa·

153 3732 280 3805 bilitas
307 3735 509 3805 manil'esto
535 3733 719 3805 latissime
745 3735 915 3806 obtinet:
950 3737 1009 3806 cui
1038 3737 1107 3805 nisi
1136 3734 1374 3805 studuissent

151 3874 290 3957 poetar,
310 3861 429 3955 ipsam
446 3871 633 3957 στιχομυθίαν
650 3884 842 3955 nunquam
865 3858 1089 3931 coluissent.
1114 3857 1186 3930 Sed
1212 3856 1375 3955 ambigi-

152 3998 214 4054 tur
230 3985 383 4080 quinam
402 3982 538 4053 sithoc
556 3981 641 4053 loco
659 4008 901 4053 numerorum
918 3982 1014 4054 ordo
1030 4008 1073 4054 ac
1096 4008 1180 4079 quae
1204 3982 1276 4054 lori
1301 3981 1375 4053 dis·

154 4109 309 4204 positi0‚
327 4109 565 4204 accessitque
576 4105 861 4178 Wilamowitzii
875 4109 1093 4178 coniectura
1113 4133 1186 4204 qua
1205 4109 1373 4202 ipsorum

152 4256 330 4302 versuum
347 4229 519 4302 ordinem
538 4229 767 4301 tralaticium
787 4233 958 4302 mutarit.
979 4233 1247 4302 Examinemus
1260 4232 1376 4326 igitur

154 4358 183 4426 si
203 4354 328 4452 placet
344 4353 444 4425 hunc
460 4369 581 4426 totum
601 4354 727 4426 locum
744 4369 782 4425 et
798 4358 960 4452 primurn
978 4358 1193 4426 universam
1207 4356 1289 4425 eins
1301 4353 1377 4426 ‹lis-

153 4480 398 4577 positionem.
