3316 5436
210 399 276 466 260
663 397 847 462 nicanoris
873 415 999 461 iuconc

209 576 406 663 χρυσοφόρος
423 576 609 660 στρατηγός.
628 564 802 632 Trallium
817 564 1003 654 inscriptio
1018 572 1056 631 n⁰
1068 565 1100 642 4,
1112 566 1146 634 9.
1163 564 1254 633 BCH
1268 562 1439 643 XXVIII,

211 664 492 774 WVid.
510 680 652 747 lexicon
675 703 794 746 meum
813 702 843 745 c.
863 703 895 746 v.
914 696 1128 779 χρυσορρρῑα.

209 805 303 893 χώρα
325 798 507 892 (puplipor)
535 796 672 863 sensim
700 819 763 885 pro
790 806 888 892 ὠχρός
912 797 1020 888 coepit
1041 796 1224 889 usurpari,
1246 807 1283 863 et
1303 818 1322 863 a
1342 795 1440 862 seris

211 897 483 1006 *Byzantinis
511 936 575 1005 pro
599 917 681 993 πόλις
706 910 830 999 (urbs).
863 912 946 981 Vid.
975 912 1170 988 Dieterich,
1199 915 1294 980 Mus.
1319 910 1438 980 Rhen.

279 1032 376 1111 1904,
397 1055 431 1122 p.
449 1030 610 1107 236-237,
634 1029 694 1095 ubi
717 1030 821 1097 etiam
845 1029 994 1121 exponit
1013 1029 1059 1098 de
1082 1035 1220 1103 πολιτεία
1239 1050 1328 1096 voce
1345 1050 1364 1095 a
1379 1048 1440 1094 se·

276 1144 468 1236 quioribus
486 1157 656 1236 usurpata
674 1167 738 1236 pro
754 1151 851 1227 πόλις.

208 1269 318 1361 χώρα,
338 1260 555 1329 conclave.
577 1260 751 1329 Trallium
768 1263 820 1330 tit.
838 1271 876 1329 n⁰
894 1265 924 1342 1,
942 1264 962 1329 4
977 1263 1013 1329 in
1032 1264 1122 1332 BCH
1139 1262 1307 1341 XXVIII,
1325 1283 1360 1352 p.
1373 1259 1437 1329 78:

209 1362 329 1459 “r-ila
346 1380 560 1470 μισημβεινὴν
580 1392 770 1476 στοαορεφὴν
790 1390 904 1470 χωρῶν
923 1384 1014 1451 ὀκτώ.

209 1511 357 1596 χωστρις.
378 1492 472 1562 Add.
491 1495 632 1585 Didym.
647 1492 691 1560 ad
709 1497 810 1562 Dem.
826 1495 916 1563 Phil.
930 1498 993 1577 xl,
1006 1498 1062 1577 22,
1077 1493 1136 1563 ed.
1151 1494 1263 1569 Diels,
1278 1516 1312 1585 p.
1326 1494 1382 1572 59,
1394 1492 1441 1561 46

211 1595 365 1683 ’Ἑν-ὧι
379 1626 418 1684 τά
436 1615 658 1705 μηχανώματα
677 1628 729 1682 καλ
748 1626 804 1693 τοὶς
826 1614 1009 1707 χωστρίδας
1026 1619 1195 1708 λεγομένας
1213 1616 1353 1705 ἐφεώρα.

207 1729 355 1816 ὠδάριον.
379 1729 434 1796 Cf.
455 1733 599 1797 Petron.
617 1730 672 1805 33,
695 1728 852 1798 odaria
872 1730 1014 1798 saltare.

208 1826 424 1916 Matr.
459 1842 616 1908 Herond.
638 1845 697 1919 IV,
722 1846 763 1912 45
789 1856 906 1912 verte:
935 1844 1018 1913 Sed
1049 1845 1133 1912 iam
1162 1844 1262 1912 dies
1288 1842 1440 1911 oritur

276 1973 318 2028 et
346 1961 490 2051 magis
523 1960 760 2049 magisque
795 1962 973 2050 proruit
1001 1961 1056 2047 (ad
1080 1960 1267 2052 templum)
1295 1957 1438 2027 homi-

276 2103 297 2145 n
310 2103 329 2146 ιι
343 2102 374 2145 m
402 2077 663 2155 multitudo,
689 2083 818 2152 ὠθεῖται
831 2108 874 2138 =
886 2083 1046 2160 ὡὲιίζεται.
1073 2078 1184 2145 Nairu
1201 2078 1261 2144 cit.
1280 2074 1435 2145 Theocr.

277 2197 354 2268 XV,
375 2194 428 2271 73,
452 2194 591 2265 cibata&
610 2197 718 2285 ὥσπερ
738 2198 801 2276 ὕες.

206 2318 332 2408 ὡναχής
347 2318 417 2381 :i
436 2325 570 2407 ἀναχής.
600 2312 759 2378 Herond.
779 2313 822 2386 II,
843 2311 897 2381 70.

252 2803 404 2871 Multum
420 2824 561 2880 vereor,
580 2802 878 2892 praestantissime
894 2801 1025 2881 Nicoli‚
1040 2824 1086 2869 ne
1103 2800 1436 2892 lexicographicum

208 2923 275 2984 hoc
304 2916 519 3008 opusculum
555 2940 686 2984 munus
717 2920 768 2984 Te
798 2918 987 3009 iudignum
1023 2915 1209 2985 habeatur.
1249 2915 1319 2986 Sed
1351 2918 1436 3008 quia

207 3046 403 3125 occupatus
425 3034 462 3100 in
484 3033 610 3099 humili
633 3035 702 3100 isto
722 3056 872 3124 genere,
898 3035 1029 3101 melius
1055 3057 1151 3100 nunc
1176 3031 1322 3122 quidem
1344 3033 1436 3101 nihil

207 3148 358 3229 habens,
381 3150 416 3216 iu
438 3152 465 3216 T
469 3172 595 3215 uorum
622 3149 877 3215 admiratorum
901 3173 1053 3217 numero
1075 3172 1208 3216 nomen
1231 3174 1350 3217 meum
1373 3150 1436 3217 de·

207 3264 358 3334 siderari
388 3265 568 3340 nolebam,
596 3268 661 3340 Tu,
692 3289 761 3356 qua
793 3289 832 3331 es
865 3265 1097 3341 humanitate,
1127 3271 1226 3362 ptiar,
1258 3278 1311 3333 sat
1343 3268 1435 3347 scio,
1539 3298 1542 3303 2

207 3382 320 3448 duces
340 3381 408 3447 hoc
429 3403 548 3446 meum
567 3386 679 3477 tityon.

271 3577 426 3645 Traiecti
448 3578 488 3643 ad
513 3577 690 3655 Rhenum,

207 3696 255 3761 M.
273 3692 468 3760 Novembri
487 3717 517 3760 a.
538 3695 794 3762 IIDCCCCIV.
921 3734 926 3743 ·

918 3814 959 3877 H.
983 3832 1048 3876 vau
1071 3813 1388 3881 IIEIIWERDEN.
