3406 5438
233 412 300 479 318
678 413 862 478 uitincns
886 432 1013 479 urceus

232 584 338 653 avoir
352 606 427 653 une
441 580 587 680 grande
604 584 716 679 peine
732 589 752 652 e
769 605 811 653 se
830 584 1013 654 souvenir
1032 580 1080 654 de
1101 581 1315 655 l'ancienne
1330 581 1462 656 ortho-

232 704 377 804 graphe
406 721 445 778 et
473 704 651 778 devaient
685 705 778 778 seire
802 704 871 778 des
897 706 1024 779 fautes
1050 705 1312 780 nombreuses.
1345 707 1460 781 Aussi

233 828 336 902 Bede
352 845 391 902 et
413 829 551 901 Alcuin
568 830 624 902 les
645 832 875 902 avertissent
891 855 982 903 avec
998 833 1084 903 soin
1104 829 1152 903 de
1173 829 1461 931 l'orthographe

232 953 543 1027 traditionnelle:
566 957 764 1039 deteritur,
788 972 908 1040 actae,
931 982 1076 1041 aevum,
1099 959 1287 1053 coquitur,
1314 981 1461 1053 aequus

231 1078 270 1174 (i.
287 1105 318 1149 e.
334 1079 493 1175 justus),
509 1081 603 1151 lzaec
619 1084 749 1152 omnia
760 1106 835 1177 per
849 1079 1113 1180 diphthongon
1131 1080 1336 1153 scribenda
1349 1097 1462 1166 sunt,-

233 1230 352 1301 equus
374 1207 426 1300 (si
449 1204 598 1276 animal
615 1205 832 1304 siguificat),
850 1231 925 1301 per
946 1204 1161 1302 simplicem
1182 1231 1201 1275 e
1220 1206 1317 1298 (095,
1334 1206 1390 1298 ίι);
1412 1203 1461 1277 de

234 1333 358 1401 meme
382 1354 494 1429 aeger
516 1332 658 1414 auimo,
686 1346 862 1429 aegrotus
886 1356 1045 1426 corpore
1065 1331 1163 1421 (095,
1185 1332 1255 1422 13),
1269 1329 1457 1412 aemulus,

232 1453 422 1538 aedituuS,
446 1480 644 1538 aerumna,
672 1457 924 1551 aequimanus
945 1454 1043 1546 (095,
1071 1457 1119 1545 7),
1149 1454 1297 1527 caelebs
1319 1452 1462 1552 (qu'At-

234 1579 321 1650 cuin
342 1582 551 1676 interprete
566 1582 636 1674 qui
653 1579 731 1651 sibi
752 1583 824 1651 iter
840 1583 939 1675 facit
954 1578 1008 1649 ad
1022 1579 1169 1650 caelum
1186 1592 1225 1650 et
1240 1578 1460 1654 caelestium

233 1705 347 1775 citam
363 1702 519 1790 ducens,
551 1703 635 1786 090,
659 1705 741 1796 07);
763 1729 909 1800 aequor
930 1706 1024 1800 quia
1047 1703 1095 1775 ab
1119 1728 1223 1799 aqua
1246 1720 1301 1774 est
1323 1729 1461 1774 nomeu

229 1830 379 1922 factum
402 1827 498 1920 (300,
524 1830 606 1920 09);
633 1828 755 1899 laetus
781 1832 873 1924 quia
896 1827 1043 1899 laetitia
1061 1853 1085 1897 a
1106 1826 1308 1899 latitudine
1329 1845 1462 1900 uocata

232 1968 288 2023 cst
302 1952 399 2044 (304,
414 1953 487 2045 05),
502 1967 576 2024 etc.
597 1950 626 2023 ll
643 1950 838 2052 distingue
855 1977 945 2024 avec
964 1950 1065 2024 Bede
1081 1951 1161 2023 celo
1177 1955 1200 2023 i.
1217 1978 1246 2022 e.
1266 1951 1460 2024 abscondo

232 2074 280 2147 de
295 2075 401 2148 caelo
422 2103 509 2147 cum
523 2079 720 2172 picturum
739 2080 931 2175 siguificat
951 2075 1052 2148 uude
1072 2075 1208 2147 melius
1229 2075 1462 2175 intellegitur

234 2199 381 2272 caelum
402 2226 427 2271 a
441 2204 598 2297 pictura
611 2201 784 2272 siderum
798 2227 915 2298 quum
935 2227 959 2271 a
978 2199 1137 2272 celando
1153 2199 1380 2272 mortalibus
1400 2226 1460 2270 ar-

234 2350 333 2396 caua
348 2324 493 2396 dictum
510 2326 606 2418 (009,
624 2327 673 2417 0),
691 2327 899 2396 machaera
914 2323 962 2396 de
978 2328 1148 2396 maceria
1167 2324 1264 2417 (304,
1282 2327 1331 2417 5),
1346 2350 1461 2421 proe-

233 2454 353 2523 mium
369 2448 417 2521 de
426 2453 597 2546 pretium
610 2450 706 2544 (306,
721 2452 794 2543 07),
808 2453 1008 2545 quaeritur
1022 2446 1070 2520 de
1085 2453 1260 2546 queritur
1274 2449 1371 2542 (308,
1388 2450 1458 2540 10).

233 2577 330 2669 cepit
350 2572 398 2646 de
414 2578 547 2670 coepit,
568 2591 700 2670 coepto
715 2572 763 2646 de
779 2578 929 2669 incepto
944 2574 1041 2665 (090,
1065 2575 1133 2665 18).
1161 2570 1189 2643 ll
1213 2575 1335 2645 arrive
1351 2571 1461 2670 quel-

234 2698 384 2796 quefois
414 2724 488 2796 que
515 2697 551 2771 le
581 2710 715 2771 mettre
744 2697 940 2770 lui-meme
960 2697 1092 2770 tombe
1117 2696 1212 2769 dans
1235 2695 1411 2781 l'erreur;
1434 2696 1460 2768 il

235 2826 330 2895 ecrit
354 2849 445 2896 avec
466 2822 568 2895 Bede
587 2850 686 2920 pene
707 2823 802 2916 (306,
822 2825 881 2914 35)
905 2848 1002 2920 pour
1021 2848 1146 2918 paene
1168 2836 1207 2894 et
1231 2820 1367 2893 eteblit
1386 2846 1461 2894 une

234 2945 459 3019 distinction
489 2946 661 3020 illusoire
697 2962 806 3018 entre
832 2946 949 3043 fedus
978 2945 1083 3042 quod
1117 2964 1172 3018 est
1207 2946 1392 3044 deformis
1422 2962 1462 3019 et

230 3072 369 3168 foedus
398 3071 503 3168 quod
535 3090 590 3143 est
613 3089 774 3168 pactum
804 3072 900 3163 (301,
928 3072 1005 3163 00);
1043 3070 1066 3140 il
1101 3073 1173 3142 tire
1202 3070 1250 3143 de
1275 3073 1393 3142 caedo
1425 3071 1461 3144 le

235 3195 371 3293 parfait
406 3196 556 3267 caecidi
586 3210 624 3267 et
657 3210 790 3267 contre
829 3193 1020 3267 l’autorite
1054 3194 1101 3266 de
1136 3194 1238 3267 Bede
1272 3195 1296 3265 il
1331 3198 1457 3267 ecrit:

235 3318 428 3404 Comediu,
454 3323 628 3390 carmina
651 3324 808 3416 quaein
831 3324 1005 3391 conviviis
1027 3336 1227 3404 cantentur,
1245 3347 1319 3416 per
1333 3347 1352 3391 e
1366 3324 1461 3391 sim-

226 3443 384 3541 plicem.

283 3572 410 3664 Quant
426 3593 498 3641 aux
515 3567 776 3667 diphtongues
796 3584 900 3640 auct
917 3595 974 3651 eu,
999 3566 1136 3639 Alcuin
1158 3595 1205 3641 ne
1226 3573 1374 3668 corrige
1397 3594 1461 3640 au-

234 3720 333 3766 cune
362 3694 464 3764 faute
498 3691 808 3791 d'orthographe.
839 3694 899 3763 Au
929 3691 1061 3763 n'etait
1092 3692 1240 3765 devenn
1271 3693 1462 3789 monoph-

235 3833 379 3918 tongue
399 3844 473 3916 que
504 3817 640 3916 depuis
665 3843 737 3915 peu
760 3816 807 3888 de
830 3832 955 3914 temps
981 3830 1018 3889 et
1042 3816 1066 3888 il
1093 3821 1192 3889 avait
1217 3818 1347 3890 abouti
1368 3826 1388 3890 d
1410 3846 1460 3890 un

235 3941 427 4041 phoneme
461 3968 634 4015 nouveau
664 3941 842 4013 different
871 3941 919 4013 de
949 3940 1019 4024 l'o;
1052 3941 1086 4012 ia
1117 3950 1383 4040 consequence
1413 3968 1460 4015 en

235 4070 329 4139 etait
345 4066 436 4166 qu'il
453 4094 476 4165 y
497 4069 597 4138 avait
618 4069 742 4138 moins
758 4064 976 4138 d'occasion
995 4065 1042 4137 de
1059 4066 1273 4138 confusion.

284 4192 437 4262 D'autre
454 4207 551 4288 part,
576 4190 631 4261 les
656 4189 783 4262 eleves
804 4189 979 4261 d’Alcnin
1002 4193 1206 4287 pouvaient
1227 4197 1308 4262 etre
1333 4198 1460 4262 tentes

233 4313 281 4387 de
301 4340 517 4412 prononcer
540 4314 596 4387 les
616 4313 786 4412 voyelles
807 4341 853 4386 en
875 4314 1001 4385 hiatus
1024 4341 1172 4387 comme
1188 4315 1256 4387 des
1277 4314 1460 4413 diphton-

232 4465 328 4539 gues
358 4438 471 4537 qu'ils
506 4442 678 4511 auraient
712 4439 983 4511 transformees
1018 4447 1038 4510 5
1069 4438 1151 4512 leur
1180 4455 1267 4511 tour
1295 4466 1341 4512 en
1377 4464 1460 4511 mo-
