3316 5436
211 437 253 502 18
659 432 842 496 xinxxons
866 453 993 498 nicona

211 604 429 675 memnonis
446 600 532 673 loco
548 626 584 670 v.
608 601 699 671 1102
715 625 800 697 sqq.
817 627 825 669 ε
848 609 912 698 με’]
934 607 1085 700 ἑνδόμοιοι
1099 611 1193 681 τοῖσδε
1205 613 1327 704 μήδεται
1345 616 1448 702 κακόν,

208 748 331 831 ἄφερτον
340 739 474 826 φῧοιοιν,
484 732 626 800 δυσίατον·
638 735 716 800 dinei
724 731 750 799 δ’
761 735 827 810 aa:
836 739 1000 801 ἀποστατεῖ·
1028 726 1120 799 Tale
1131 728 1346 802 remedium
1359 732 1450 807 lene

209 853 431 925 Atridarum
448 849 578 921 domui
597 847 740 920 nullum
757 864 816 920 est
832 848 883 939 (id
899 852 1001 920 enim
1018 876 1088 949 per
1100 859 1234 936 ὶμὸτητα
1251 857 1445 954 «procul»

211 979 284 1051 hoc
311 975 517 1074 signifieat)
538 1002 546 1055 ;
570 975 742 1045 sectione
766 998 864 1070 opus
884 989 957 1057 est,
978 997 1053 1074 :opqz
1070 988 1103 1052 τὸ
1119 999 1204 1076 πῆμα
1223 980 1360 1078 (Soph.
1383 985 1445 1054 Ai.

211 1105 310 1193 582).
338 1105 469 1198 Neque
491 1097 632 1169 malum
655 1105 747 1181 (ratri
768 1097 922 1169 aliunde
944 1097 1091 1171 illatum
1112 1115 1185 1184 est,
1209 1102 1278 1174 sed
1300 1107 1339 1175 in
1360 1107 1447 1205 ipsa

210 1225 327 1299 domo
352 1239 498 1306 natum,
523 1236 681 1320 propter
705 1224 822 1292 rixam
847 1222 1196 1321 sanguinolentam,
1219 1226 1448 1326 Clytaemes-

211 1366 280 1424 trae
307 1350 470 1421 scilicet.
496 1350 572 1419 lam
599 1349 795 1443 quaeritur,
822 1345 1018 1443 quomodo
1038 1346 1120 1420 haec
1140 1351 1219 1422 sint
1238 1354 1340 1425 inter
1360 1381 1448 1453 per·

212 1500 329 1548 sonas
346 1469 627 1544 distribuenda.
649 1469 843 1542 Medieeus
860 1468 982 1542 codex
999 1498 1124 1570 neque
1139 1477 1179 1545 in
1194 1473 1255 1548 his
1267 1503 1395 1577 neque
1408 1483 1447 1552 in

212 1597 406 1697 prioribus
432 1595 531 1668 ultas
556 1620 805 1692 personarum
834 1610 945 1666 notas
968 1593 1108 1682 habet;
1131 1596 1302 1673 editores
1323 1601 1447 1677 choro

212 1726 341 1796 omnia
362 1723 602 1794 continuant.
621 1720 790 1816 Apparet
807 1712 919 1791 hnius
938 1736 1167 1818 anapaestos
1182 1748 1269 1797 esse
1285 1727 1444 1823 (476-8),

213 1863 372 1945 apparet
388 1843 556 1942 strophae
572 1842 900 1941 antistrophaeque
917 1847 1061 1941 primos
1076 1860 1207 1920 ternos
1218 1875 1354 1923 versus
1367 1878 1445 1925 non

213 1997 329 2070 posse
352 1973 453 2041 inter
474 1994 515 2040 se
540 1967 683 2048 divelli,
712 1965 778 2038 sed
803 1994 917 2065 posse
942 1968 1100 2043 ultimos
1126 1970 1252 2052 binos,
1279 1979 1446 2050 maxime

214 2095 316 2194 qnod
338 2092 501 2167 469-470
520 2118 603 2164 eam
627 2090 832 2164 exhibeant
848 2093 1163 2190 aequabilitatem,
1182 2123 1296 2195 quam
1319 2102 1358 2170 in
1379 2137 1447 2178 on-

213 2231 354 2320 χομυθίας
376 2243 530 2317 quoque
552 2219 736 2289 trimetris
759 2220 1024 2315 eognovimus.
1048 2221 1110 2291 Sic
1130 2222 1247 2318 igitur
1266 2248 1341 2322 ego
1361 2223 1445 2298 haeo

213 2345 409 2443 digeram:

506 2539 581 2607 XO.
609 2536 634 2605 ὦ
651 2537 734 2615 πόνος
752 2541 874 2628 ἐγρενγζς,

611 2668 659 2731 καὶ
677 2656 886 2757 ττοιροίμονσος1
904 2674 976 2740 ἄτας

613 2787 793 2879 αἱματόεσσα
810 2791 921 2879 πλαγά.

508 2914 580 2981 ΟΡ.
609 2918 643 2980 ἰὼ
656 2911 766 2980 δυστον’
786 2924 897 3007 ἄφερτα
916 2911 996 2986 κήδη.

508 3037 583 3106 ΗΛ.
612 3042 646 3112 ἰὼ
664 3036 950 3106 δὺσκατοῐπωνίσ)τον
969 3040 1065 3128 σ’ὓμος.

507 3162 582 3230 ΧΟ.
610 3161 740 3252 δώμασιν
753 3169 873 3252 ἔμμοτον

610 3284 692 3354 τῶνδ’
707 3289 784 3366 ἑκοῖς,
800 3285 857 3353 οὐδ’
877 3287 928 3353 ἀπ’
948 3289 1045 3354 mov

610 3415 728 3489 ἔκτοθεν,
744 3412 809 3479 ἀλλ’
824 3412 875 3478 ἀπ’
890 3413 985 3479 αὐτῶν

509 3535 585 3604 ΗΑ.
612 3534 648 3603 δι’
668 3540 750 3626 ὠμὰν
768 3543 825 3629 ἔριν
844 3541 1018 3630 αἱματηράν.

508 3660 579 3728 ΟΡ.
607 3664 676 3728 θεῶν
694 3672 750 3727 τῶν
767 3659 966 3751 κατάγᾱςέδ’
984 3657 1078 3751 ὕμνος.

508 3784 582 3853 ΧΟ.
611 3788 688 3853 &Dei
702 3788 841 3867 κλύοντες,
857 3790 986 3880 μάκαρες
1006 3784 1112 3876 χθὸνιοι
1128 3790 1185 3855 κτὲ.

264 3966 416 4035 Inversa
443 3965 560 4062 igitur
584 3966 730 4036 ratione
755 3962 813 4035 hae
839 3963 1007 4062 strophae
1037 3980 1192 4037 structae
1213 3983 1303 4040 sunt
1325 3984 1443 4068 atque

212 4091 383 4187 priores:
403 4097 475 4164 ΟΡ.
499 4097 516 4164 1
539 4096 615 4164 ΗΛ.
634 4097 651 4164 l
669 4096 744 4165 XO.
766 4098 788 4164 3
804 4132 853 4141 -
867 4097 944 4165 XO.
961 4099 994 4165 3.
1012 4097 1088 4166 ΗΛ.
1108 4099 1138 4166 1.
1156 4099 1228 4167 ΟΡ.
1248 4101 1279 4168 l.

263 4214 346 4285 Non
372 4228 431 4286 est
451 4215 489 4283 in
511 4215 638 4285 animo
663 4239 763 4284 nunc
784 4228 907 4284 totum
928 4219 1036 4313 κομμὸν
1058 4230 1307 4311 pertractare,
1333 4221 1442 4292 cuius

250 4488 257 4519 ¹
278 4490 333 4541 Aut
349 4488 549 4562 adnopripufioz
566 4488 692 4558 {Heyset
