3316 5436
582 428 679 476 sm.
707 427 737 472 P.
766 426 925 472 LAMBROS

231 585 458 671 Πεισίστρατον
474 578 507 648 δὲ
524 587 573 649 τόν
589 593 727 671 συγγενῆ

194 701 378 784 αἰσθόμενος
390 708 640 782 τνραννῆσοντα,
653 693 671 762 δ
677 705 729 763 ιά·

1304 404 1369 471 645

829 577 905 660 (111,
939 576 1006 662 49).
1042 554 1134 646 ὀοε
1168 584 1227 667 ,ιχ
1259 579 1367 658 sam,

783 697 867 765 άλλά
889 708 940 764 καί
964 700 1188 786 Πεισίστρατον
1214 705 1263 765 τόν
1288 722 1369 790 σνγ·

194 814 264 896 ξας
293 821 333 892 είς
356 841 424 884 τινα
451 817 624 888 ἐκκλησίαν
649 823 729 901 μετά
782 829 871 911 γενῆ,
886 816 974 882 καθά
987 840 1061 908 φησι
1075 816 1369 900 Σωσικράτης,προ·

195 931 296 1024 ξίφους
311 945 362 1000 καὶ
379 929 521 1018 δόρατος,
536 947 659 1019 προεῖπε
672 941 729 1005 τῆν

157 1053 346 1127 ιε’πίθεσιν,
379 1062 431 1116 καί
457 1047 586 1132 βοηθεῖν
616 1047 730 1135 ἕτοιμος

194 1169 285 1259 ἔλεγε
304 1174 362 1234 τών
383 1173 442 1253 μὲν
457 1166 567 1258 (γάρ)
588 1163 729 1251 ἀνδρειό·

784 934 981 1021 αισθόμενος,
1001 940 1033 1002 τό
1058 927 1105 1024 ἐφ’
1130 937 1233 1019 ἑαυτῷ
1261 929 1371 1021 διεκω-

785 1050 890 1118 λνσεν.
904 1048 1008 1130 Ἢξας
1024 1060 1088 1143 γάρ
1111 1056 1153 1127 είς
1172 1076 1239 1119 τινα
1255 1052 1370 1124 ίκκλη·

784 1176 855 1233 σίαν
877 1177 955 1254 μετά
978 1167 1126 1252 θώρακος
1150 1180 1202 1234 καί
1228 1164 1370 1244 ἀσπίδος,

194 1309 295 1370 τερος,
313 1289 372 1351 τῶν
392 1280 428 1350 δέ
446 1280 618 1375 σοφώτερος
638 1286 727 1362 εἶναι,
782 1301 923 1370 προεῖπεν
949 1291 1052 1362 αὐτοῖς
1070 1295 1125 1358 τὴν
1151 1287 1291 1353 ι’πίθεοιν
1317 1293 1368 1353 τοῦ

196 1398 369 1493 σοφώτερος
385 1408 443 1487 μίν
457 1407 516 1468 τῶν
535 1410 591 1473 τῆν
606 1409 729 1474 άπάτην

193 1529 236 1606 μῆ
256 1526 434 1600 συνιέντων,
455 1514 670 1603 ἀνδρειότερος
693 1514 728 1584 δὲ

143 1662 172 1702 ιο
195 1643 256 1706 των
279 1644 492 1723 ίπιοταμένων
517 1643 588 1722 μὲν,
613 1632 666 1702 διά
694 1632 729 1702 δί

195 1751 314 1821 δειλίαν
333 1760 570 1842 ἡσυχαζόντων.
594 1755 659 1821 Καί
677 1767 731 1830 τῆς

197 1868 315 1953 βουλῆς
334 1879 488 1950 eluebant,
513 1870 555 1939 ὅτι
572 1881 728 1958 μαίνεται·

195 1984 280 2056 ἦσαν
309 1999 374 2077 γάρ
406 2013 482 2066 τινες
512 1990 661 2078 ᾑρημένοι
691 1997 730 2056 τά

198 2109 441 2190 Πεισίστρατον·

144 2245 172 2287 ιε

233 2682 332 2764 Δείξει
350 2681 389 2757 δὴ
409 2695 522 2770 μανίην
549 2681 630 2771 [μίν]
652 2690 731 2771 ἀμην

143 2828 172 2868 ιο
196 2801 285 2884 βαιὸς
312 2809 423 2890 χρόνος
455 2812 570 2878 ἀστοῖς,
603 2798 609 2888 Ι
638 2799 731 2882 δείξει

195 2920 346 2996 ἀληθείης
374 2927 406 2996 ίς
424 2926 520 3006 μέσον
545 2927 731 3008 ἐρχομένης.

232 3032 249 3124 5
266 3040 346 3124 Περί
360 3034 394 3104 δι’
410 3041 637 3127 Πεισιστράτου
653 3063 729 3124 προ·

194 3169 276 3222 εῖπεν
294 3154 403 3232 οὕτως·
448 3199 452 3204 ι

142 3413 171 3455 ιε
232 3384 290 3455 Ἐκ
307 3391 435 3481 νεφέλης
447 3401 548 3476 χεῖται
563 3393 661 3478 χιόνος
677 3395 731 3473 με’·

196 3534 243 3584 νος
254 3505 312 3580 ῆδὲ
327 3510 485 3597 χαλάζης,
500 3505 633 3593 Ιβροντή
651 3503 679 3575 δ’
694 3515 731 3575 όν

193 3626 339 3712 λαμπρῆς
356 3635 472 3714 γίνεται
491 3635 678 3712 ἀστεροπῆς.

239 3736 380 3827 Ἀνδρῶν
396 3740 425 3810 δ’
440 3749 477 3809 ἐκ
491 3743 637 3831 μεγάλων
649 3742 732 3819 πόλις

193 3858 330 3927 όλλνται·
354 3869 393 3935 είς
413 3856 447 3925 δεΙ
465 3868 628 3948 μονάρχου
649 3855 654 3944 Ι
676 3855 730 3932 δῆ·

141 3999 170 4039 ιο
193 4001 248 4061 μσς
265 3972 371 4066 άιδρίη
395 3973 584 4049 δουλοσύνην
609 3977 730 4045 ἔπεσεν.

784 1403 1028 1489 Πεισιστράτου·
1051 1412 1104 1467 καί
1120 1407 1153 1467 οὐ
1168 1407 1270 1487 μόνον,
1286 1401 1367 1467 άλλά

784 1531 836 1586 καί
854 1515 984 1602 βοηθεῖν
1008 1516 1123 1605 ἕτοιμος
1145 1521 1233 1592 εἶναι,
1268 1523 1370 1606 λέγων

784 1644 898 1705 ταῦτα·
930 1631 1065 1725 Ἀνδρες
1097 1630 1270 1708 Ἀθηναῖοι,
1310 1640 1370 1705 των

783 1756 841 1836 μίν
861 1752 1044 1843 σοφώτερος.
1074 1757 1134 1820 τών
1164 1749 1198 1819 δὲ
1228 1749 1370 1838 ἀνδρειό·

785 1874 870 1953 τερός
886 1878 957 1954 εῖμι·
983 1870 1153 1960 σοφώτερος
1167 1874 1223 1952 μὲν
1240 1874 1298 1936 τῶν
1314 1876 1370 1940 την

785 1991 907 2054 ἀπάτην
929 1983 1158 2067 Πεισιστράτου
1181 1989 1223 2065 μῆ
1252 1987 1371 2046 συνιέν-

785 2124 857 2175 των,
878 2094 1092 2183 ἀνδρειότερος
1111 2093 1145 2163 δὲ
1166 2102 1225 2165 τών
1244 2104 1370 2165 ἐπιστα·

783 2221 883 2303 μένων
899 2222 971 2301 μὲν,
996 2212 1048 2282 διά
1073 2210 1140 2292 δέος
1167 2211 1201 2282 δὲ
1230 2214 1372 2281 σιωπών-

783 2360 856 2403 των·
878 2334 943 2400 Καί
964 2342 983 2406 ἡ
1008 2330 1120 2415 βουλὴ,
1141 2336 1369 2424 Πεισιστράτου

784 2452 877 2527 όντες,
918 2452 1090 2536 μαίνεσθαι
1121 2451 1227 2542 ἔλεγον
1261 2457 1366 2520 αὐτόν.

784 2542 873 2637 (λθεν
892 2570 954 2634 εἶπε
972 2579 1073 2637 ταυτί·

830 2683 928 2764 Δείξει
969 2681 1009 2757 δὴ
1047 2693 1159 2770 μανίην
1195 2690 1252 2765 μὲν
1292 2691 1370 2770 ἐμὴν

783 2799 872 2885 βαιὸς
899 2809 1009 2890 χρόνος
1035 2811 1149 2877 ἀστοῖς,
1176 2798 1266 2880 δείξει
1293 2803 1372 2874 άλη-

783 2922 871 2996 θείης
889 2926 922 2996 ἐς
939 2927 1035 3007 μέσον
1054 2925 1241 3007 ἀρχομένης.

830 3033 905 3117 (ΙΙΙ,
927 3033 993 3117 50).
1018 3039 1068 3104 Τά
1090 3034 1124 3104 δὲ
1152 3048 1223 3121 περί
1245 3050 1299 3114 τῆς
1318 3045 1369 3104 τοῦ

786 3157 1013 3240 Πεισιστράτου
1033 3153 1214 3241 τυραννίδος
1233 3158 1369 3245 ε’λεγεῖοι,

783 3273 981 3365 προλέγοντος
997 3278 1106 3346 αὐτοῦ,
1124 3283 1224 3343 ταῦτα
1239 3269 1293 3345 ἦν·

829 3389 888 3458 Ἐκ
904 3392 1030 3484 νεφέλης
1046 3400 1173 3485 φέρεται
1197 3398 1294 3478 χιόνος
1314 3397 1370 3477 με’·

785 3534 832 3584 νος
857 3504 915 3581 ῆδὲ
935 3509 1091 3595 χαλάζης,
1115 3505 1119 3592 λ
1140 3511 1258 3594 Βροντῆ
1281 3502 1307 3576 τ’
1332 3513 1369 3573 ἐν

784 3626 930 3714 λαμπρῆς
945 3635 1059 3718 γίνεται
1079 3635 1265 3711 ἀστεροπῆς.

830 3739 970 3823 Ἀνδρῶν
1001 3738 1030 3811 δ’
1056 3750 1093 3810 ίιι
1119 3745 1263 3832 μεγάλων
1288 3742 1371 3817 πόλις

785 3860 922 3929 ὄλλυται·
946 3872 987 3938 είς
1003 3856 1038 3927 δὲ
1057 3869 1219 3948 μονάρχου
1241 3860 1246 3944 Ι
1267 3865 1369 3947 Δῆμος

785 3975 907 4068 άῖδρειή
928 3974 1116 4050 δουλοσύνην
1136 3979 1256 4044 ἔπεσεν.

176 4216 202 4269 6.
224 4220 262 4271 Τό
282 4220 347 4291 γόιρ
364 4222 412 4271 τοῦ
426 4214 539 4278 κώδιιιος
555 4215 737 4273 ιἰπειλιιπτίον
794 4219 838 4271 19.
859 4215 990 4282 δείξειε
1048 4221 1085 4272 Τό
1101 4219 1163 4289 μίν
1180 4216 1265 4271 λείπει
1285 4216 1311 4270 ίν
1330 4224 1369 4288 τῷ

142 4296 233 4354 αωὴω
285 4302 328 4354 ἳό
350 4295 662 4356 ΤάὴότικαλτᾶΠα
688 4299 1149 4377 ηηωτμιόντάςὰωωθὼμαπ
1173 4305 1369 4375 φῲωααιγω

140 4390 283 4459 ῃωμμωα
311 4385 699 4462 ωκαὴγωὴνίνσνπχάᾳ
728 4389 754 4440 ὴ
777 4396 816 4461 τῷ
845 4385 941 4441 κώώκι
978 4386 1129 4460 μίγεθος
1157 4385 1215 4447 ηόί
1266 4384 1369 4440 26.δό

142 4471 185 4523 29.
207 4476 395 4545 μόναρχον
