3316 5436
636 438 663 482 J.
687 438 717 482 r.
741 438 922 486 wanrzruu
1332 429 1397 494 545

247 588 476 650 Numerositas
494 586 673 648 multitudo
889 587 1014 668 Opinio
1030 590 1116 653 fama
1132 592 1237 655 dubia

246 695 360 776 Nuper
376 694 573 756 iamdudum
590 692 699 774 pridie
808 697 877 755 260.
891 693 1105 774 Opitulancia
1170 700 1395 782 suffragancia

167 805 235 864 240.
249 802 421 864 Oceanum
438 822 527 862 mare
544 801 620 862 ideo
633 799 680 861 sic
694 822 754 861 no·
928 801 1129 866 auxiliancia

273 910 419 971 minatur
445 909 524 988 quia
550 908 584 969 in
610 909 751 970 circuitu
887 907 1071 989 Opulentia
1087 912 1245 975 fertilitas

272 1015 752 1092 amblatorbem,siveaceleri·
887 1014 1076 1095 Opulentus
1092 1018 1185 1081 dives

272 1122 752 1203 latequodociuscurritquia
887 1120 1029 1202 Opimus
1043 1124 1176 1187 diviciis
1192 1126 1313 1207 plenus

271 1230 375 1309 ochys
392 1251 520 1311 graece,
539 1230 641 1291 latine
656 1229 752 1291 velox
890 1227 1044 1290 Orarium
1061 1231 1147 1293 stola

244 1336 512 1417 Opereprecium
525 1335 750 1397 necessarium
806 1338 875 1396 265.
891 1334 1049 1398 Oratores
1079 1341 1289 1420 grammatici
1323 1344 1394 1406 elo·

245 1443 383 1505 Orbitas
399 1443 537 1505 amissio
554 1442 701 1504 liliorum
810 1469 814 1472 ·
926 1455 1068 1522 quentes

244 1550 442 1632 Ortogravia
471 1561 561 1612 recta
585 1550 751 1631 scriptura
886 1548 1005 1611 Orbita
1021 1552 1139 1614 semita
1155 1553 1207 1616 via
1220 1566 1323 1618 strata

245 1658 351 1720 Ortcn
369 1669 495 1720 rectum
885 1654 997 1717 Osana
1021 1657 1167 1721 salvifica
1187 1660 1238 1722 vel
1264 1662 1391 1726 salvum

164 1769 233 1828 245.
248 1766 356 1827 Omne
379 1776 510 1844 tempus
534 1764 643 1826 tribus
668 1763 750 1826 vici·
925 1761 987 1824 sac.
1013 1764 1213 1828 subauditur
1227 1770 1390 1849 populum

283 1872 345 1934 bus
368 1873 401 1934 id
429 1883 480 1933 est
502 1872 749 1934 vicissitudini·
924 1869 975 1930 vel
987 1871 1150 1932 mundum

282 1978 541 2041 busvariaturin
552 1979 748 2059 preteritum
884 1973 936 2036 Ob
952 1975 988 2036 id
1004 1989 1141 2057 propter
1151 1979 1216 2042 hoc
1226 1981 1391 2064 velprop-

281 2083 315 2144 iu
327 2104 487 2163 praesens
498 2093 531 2144 et
545 2082 580 2142 in
597 2082 747 2144 futurum
923 2093 1013 2144 terea

243 2190 295 2252 Ob
310 2201 448 2270 propter
883 2188 1059 2252 Obnoxius
1075 2214 1151 2255 reus
1167 2194 1302 2257 debitor

243 2296 437 2358 obtendere
453 2296 682 2358 contradicere
802 2294 871 2353 270.
884 2290 1078 2355 Obtendere
1100 2307 1217 2358 contra
1246 2300 1390 2360 tenden-

240 2402 402 2483 Obliquat
418 2404 559 2466 inllectit
922 2409 972 2460 tes

241 2510 388 2590 Obliqua
404 2511 642 2573 circumcincta
881 2504 1070 2567 Obsonium
1092 2508 1188 2571 cibus

162 2621 231 2679 250.
245 2617 391 2696 Oblique
407 2617 535 2680 adclive
882 2611 1013 2674 Onoma
1032 2635 1153 2677 nomen

240 2724 425 2803 Obliquum
441 2726 483 2786 de
499 2726 622 2806 angulo
638 2725 673 2787 in
690 2745 745 2788 an.
881 2717 1085 2782 Omnimodo
1101 2722 1260 2785 omnibus
1279 2726 1387 2787 modis

280 2830 359 2911 gulo
376 2831 556 2893 adductum
879 2823 984 2886 Porro
1011 2828 1147 2905 ponitur
1174 2851 1236 2909 pro
1267 2843 1298 2892 et
1328 2854 1385 2894 seu

240 2936 394 2999 Obnixus
920 2953 980 3011 pro
997 2933 1024 2993 si
1041 2944 1074 2995 et

239 3043 430 3105 Obnoxinrn
799 3040 868 3098 275.
879 3036 1071 3117 Papiliones
1087 3042 1233 3104 tentoria

239 3149 441 3231 Oprnprinm
512 3153 742 3234 inproperium
878 3144 1388 3213 Parsimoniaabstinenciafru·

278 3258 404 3319 crimen
919 3253 1040 3333 galitas

157 3368 226 3426 255.
240 3363 386 3427 Obsessa
412 3367 568 3428 hostibus
593 3369 742 3449 undique
878 3357 1023 3440 Peg³⁸⁰⁵
1038 3361 1138 3422 ll0¹¹¹0
1155 3361 1312 3424 l0⁰¹¹l³sl⁵

277 3459 485 3521 circumdata
877 3463 1057 3527 Pedisecus
1073 3468 1131 3546 qui
1152 3470 1255 3549 pedes
1272 3470 1385 3549 sequi·

237 3563 423 3644 Operosum
439 3568 579 3629 arduum
917 3582 972 3632 tur

237 3669 356 3732 Officia
375 3672 489 3734 munia
878 3677 1086 3742 Pedetentim
1101 3682 1158 3760 qui
1176 3683 1298 3745 leniter
1313 3705 1384 3745 am·

236 3775 445 3839 Obstetrices
461 3781 677 3861 appellantur
693 3783 742 3844 se·
917 3784 1011 3847 bulat

278 3884 386 3945 minae
407 3906 491 3964 quae
511 3899 643 3967 partum
664 3910 742 3950 cus·
797 3895 865 3953 280.
877 3891 1072 3955 Perduelles
1086 3894 1201 3956 hostes

275 3991 409 4052 todiunt
876 3996 1018 4078 Perpera
1034 4020 1133 4079 prava
1147 4023 1303 4081 perversa

190 4204 242 4255 245
262 4204 289 4255 in
309 4207 506 4275 praeteritum.
528 4227 665 4278 praesens
686 4221 715 4263 et
735 4211 860 4264 futurum
877 4215 915 4264 W.
935 4243 971 4252 —
990 4215 1052 4271 250,
1073 4216 1135 4274 251,
1156 4217 1208 4268 253
1228 4227 1382 4288 manquent

155 4287 229 4339 dans
248 4290 285 4342 W.
302 4321 338 4330 -
352 4290 403 4344 254
418 4291 585 4360 oprobrium
606 4295 643 4345 W.
660 4325 693 4335 -
710 4297 761 4348 263
776 4297 886 4349 duneus
902 4298 1003 4367 plenus
1021 4300 1059 4351 W.
1076 4330 1108 4338 -
1123 4301 1175 4353 270
1189 4301 1326 4354 otendere
1340 4303 1376 4353 W.

155 4401 188 4410 —
205 4373 253 4422 281
271 4372 373 4448 depuis
389 4393 510 4445 perpera
524 4379 643 4449 jusqu'r'z
664 4380 805 4432 natatoria
824 4380 965 4435 l'ecriture
988 4381 1027 4434 du
1045 4383 1112 4436 Cod.
1130 4387 1219 4437 Brut.
1236 4402 1255 4437 a
1266 4384 1332 4461 pa'li
1353 4396 1382 4442 et

155 4453 209 4508 elle
225 4465 268 4508 est
283 4456 406 4512 devenue
417 4477 543 4535 presque
558 4460 685 4516 ittisttte.

1297 4580 1324 4619 ³5
