3316 5436
619 444 698 489 cun.
726 444 903 490 τεουιινκε
1310 425 1374 489 533

184 592 324 683 Ἔχομεν
342 596 439 662 λοιπὸν
458 604 492 663 ἑν
510 596 664 664 Ἐλευσῖνι
685 595 740 664 δὺο
760 604 887 684 μικροὺς
907 599 1094 683 θησαυροὺς
1112 604 1172 665 τῶν
1196 595 1251 666 δύο
1274 600 1371 671 θεῶν,

146 721 247 789 οίτινις
274 708 357 784 ἦσαν
377 725 495 787 κουτία,
517 713 663 801 διάφορον
684 713 718 781 δὲ
736 721 847 783 τούτων
872 715 981 790 ἄλλον,
1007 722 1055 784 τὸν
1081 716 1184 792 οίπλῶς
1204 717 1373 800 θησαυρὸν

147 830 345 913 καλούμενον.
367 829 447 907 ὅστις
461 826 516 902 ἦτο
531 828 719 918 οἰκοδόμημα
739 833 812 923 ἕχον
830 835 936 919 θύρας
956 843 1008 898 καί
1025 839 1150 923 ὀροφήν.

192 944 248 1013 Ἐν
279 953 337 1016 τῶν
364 946 419 1015 διίο
442 953 561 1034 μικρῶν
588 951 767 1032 θησαυρῶν
791 956 805 1016 ὁ
830 949 933 1034 ἔτερος
954 950 1156 1037 τούλάχιστον
1172 960 1311 1040 φαίνεται
1331 947 1373 1016 ὅτι

146 1067 240 1132 ἔκειτο
258 1061 337 1154 παρ’
357 1071 432 1134 αὐτὸ
445 1073 477 1134 τὸ
495 1067 704 1150 Τελεστήριον
728 1077 780 1133 καί
797 1079 852 1140 τήν
872 1075 930 1134 οίπό
949 1074 1009 1136 τῶν
1029 1068 1229 1152 προπυλαίων
1247 1073 1322 1151 πρὸς
1341 1074 1372 1134 τὸ

146 1185 354 1266 Τελεστήριον
382 1189 524 1272 ἄγουσαν
547 1193 698 1257 πομπικήν
718 1181 800 1259 ὁδὸν,
822 1185 902 1252 ῶστε
922 1195 1034 1262 ποίντες
1053 1193 1079 1250 οί
1103 1191 1313 1274 εἰσερχόμενοι
1333 1193 1372 1259 είς

147 1305 221 1369 αὐτὸ
241 1310 421 1389 ἀναγκαίως
444 1297 608 1388 διήρχοντο
626 1302 754 1373 πλησίον
776 1311 828 1370 τοῦ
847 1304 1030 1388 θησαυροῦ.
1057 1305 1157 1388 Παροί
1178 1312 1217 1369 τοί
1239 1302 1372 1391 λείψανα

145 1428 256 1503 μικροῦ
276 1414 525 1504 οἰκοδομήματος,
546 1419 619 1505 ὅπερ
641 1423 715 1496 ἴσως
737 1415 791 1487 bro
812 1423 827 1486 ὀ
847 1422 1015 1505 θησαυρὸς
1041 1420 1145 1496 απλῶς
1167 1420 1241 1508 (ὀρα
1266 1418 1370 1485 Φιλίου

142 3290 169 3354 ἒ.
187 3296 248 3359 ολ),
273 3291 405 3378 ὑψοῦ-,αι
428 3301 534 3372 τμῆμα
558 3291 641 3377 μέγα
660 3285 804 3373 βροίχον.
832 3282 865 3352 οὗ
887 3296 905 3360 ή
924 3293 988 3353 ἅνω
1012 3295 1170 3379 ἐπιφάνεια
1194 3292 1251 3355 εἶκε
1267 3291 1366 3377 ὁμαλή

144 3418 196 3471 καί
214 3407 279 3492 ἔχει
309 3404 461 3483 λαξευτήν
482 3404 638 3476 κοιλότητα
659 3406 853 3497 στρογγύλην
873 3402 1041 3491 διαμέτρου
1065 3414 1121 3492 μὲν
1142 3404 1221 3469 0.49
1237 3434 1286 3491 μ.,
1305 3406 1367 3485 βοί-

143 3526 218 3598 Βους
243 3521 277 3588 δὲ
303 3520 383 3585 0.50
402 3551 436 3607 μ.
464 3521 527 3598 Ἐίς
549 3518 604 3587 διὀο
626 3526 705 3608 μέρη
734 3527 793 3588 τῶν
808 3522 937 3610 χειλέων
964 3531 1014 3589 τοῦ
1039 3524 1225 3607 κοιλῶματος
1248 3530 1365 3596 τούτου,

143 3651 267 3725 κείμενα
285 3647 429 3706 ἀπέναντι
456 3640 612 3713 αλλήλων,
634 3643 832 3725 ὑπάρχουσιν
857 3646 998 3727 ε’γκοπαί,
1021 3643 1062 3717 ῶς
1084 3648 1138 3707 εὀίν
1155 3643 1367 3730 ἀφῃρέθησαν

142 3767 278 3846 τεμάχια
295 3767 346 3824 τοῦ
368 3756 455 3823 λίθου
477 3755 592 3834 κυβικοί
613 3758 726 3845 ἔχοντα
744 3770 841 3842 μῆκος
856 3757 992 3839 πλευροῖς
1007 3755 1087 3819 0.12
1102 3786 1136 3843 μ.
1159 3771 1299 3840 περίπου.
1326 3760 1367 3824 Οί

142 3878 298 3959 πυθμένες
318 3875 352 3939 δὲ
374 3879 432 3940 τῶν
447 3879 584 3964 ε’γκοπῶν
598 3883 840 3958 προεκτείνονται
854 3877 1022 3956 ὀριζοντίως
1039 3884 1078 3948 είς
1095 3875 1237 3950 αὔλακας
1253 3882 1368 3958 μήκους

142 3990 223 4054 0.ίὸ
242 4020 276 4076 μ.
299 4003 349 4056 καί
368 3991 503 4066 πλάτους
521 3988 602 4052 0.Οὸ
624 4001 765 4075 πιρίπου,
791 3999 823 4057 αί
847 3993 985 4067 αὔλακες
1005 3986 1096 4058 αὗται
1116 3987 1366 4065 διευθὺνονταιή

140 4117 197 4195 μὲν
212 4119 286 4192 πρὸς
307 4106 425 4186 δεξιάν,
447 4117 466 4181 ή
490 4102 518 4174 δ’
543 4113 637 4192 ἑτέρα
656 4115 730 4194 πρὸς
752 4117 937 4191 οίριστεροίν.
965 4107 1021 4173 Ἐκ
1038 4113 1150 4175 τούτοιν
1170 4119 1306 4194 φαίνεται
1325 4108 1367 4176 ὅτι

141 4236 173 4293 τί
193 4227 330 4311 κοίλωμα
352 4227 415 4310 εἷχε
432 4232 526 4309 πῶμα
548 4230 638 4316 φέρου
660 4222 841 4311 δυοίξοχαίς
857 4226 1080 4314 τετραγώνους,
1104 4223 1176 4292 ὅταν
1198 4225 1232 4291 δὲ
1254 4227 1367 4298 ἤθελον

144 4353 181 4408 νοί
203 4346 365 4409 κλείσωσιν
386 4347 471 4408 αὐτὸ.
493 4343 598 4408 ἕθετον
615 4347 735 4428 πρῶτον
755 4349 786 4409 τὸ
804 4347 897 4427 πῶμα
917 4340 994 4407 οὕτω
1016 4340 1096 4409 ῶστε
1116 4351 1148 4407 αἱ
1165 4341 1272 4429 ἐξοχαί
1292 4352 1366 4408 ε’ποί-

141 4488 210 4529 τουν
230 4472 269 4536 είς
293 4471 347 4536 τας
374 4466 517 4550 ἑγκοκοίς,
547 4464 671 4525 κατόπιν
698 4457 726 4524 δ’
749 4460 897 4551 ἔστρεφον
920 4463 995 4525 αὐτὸ
1014 4458 1111 4550 ὀλίγον
1128 4471 1181 4546 καί
1206 4470 1236 4525 αί
1259 4457 1367 4546 ἐξαχαί
