3316 5436
644 461 727 507 r.-c.
753 461 955 506 corrasam:
1370 447 1413 512 93

181 606 351 705 populus
376 606 626 705 significetur.
652 611 789 682 Vinum
807 611 948 681 etenim
971 624 1010 681 et
1032 635 1129 708 aqua
1152 612 1414 711 inseparabili-

182 747 243 804 ter
260 735 297 802 in
313 732 432 805 calice
454 736 677 815 miscentur,
696 736 783 832 quia
805 733 967 805 ecclesia
992 735 1108 832 capiti
1131 760 1200 807 suo
1222 722 1291 807 >mo
1315 739 1413 809 inse·

183 856 410 956 parabiliter
433 861 560 929 iuncta
582 857 762 930 cohaeret.
792 863 937 931 Morem
963 884 1055 957 ergo
1085 860 1320 958 accipiendae
1350 887 1413 932 eu-

182 980 376 1054 charistiae
403 980 450 1053 ad
477 1008 546 1055 nos
576 981 758 1054 traditum
775 982 939 1056 ecclesia
954 998 1073 1066 tenet,
1094 999 1134 1055 ut
1158 1011 1243 1057 cum
1261 989 1346 1083 quis
1367 1012 1413 1058 ex

183 1133 282 1204 aqua
303 1122 340 1179 et
361 1109 497 1205 spiritu
519 1122 654 1179 sancto
679 1111 904 1190 renascitur,
927 1134 1088 1207 corpore
1111 1108 1255 1182 domini
1281 1136 1413 1209 pasca·

184 1246 260 1306 tur.
287 1247 324 1303 et
352 1235 538 1331 sanguine
563 1234 646 1304 eius
676 1247 848 1331 potetur,
882 1249 921 1304 ut
948 1236 983 1303 in
1015 1260 1176 1332 corpore
1196 1237 1251 1306 xri
1273 1238 1412 1306 traiec-

184 1371 261 1435 tus,
284 1372 322 1428 et
347 1356 410 1429 ille
431 1360 468 1428 in
494 1344 560 1430 arro
590 1372 754 1441 maneat,
780 1372 819 1429 et
848 1343 910 1429 xrs
939 1360 976 1428 in
1007 1358 1086 1431 illo.
1115 1362 1164 1434 Ut
1195 1361 1304 1431 istius
1336 1360 1410 1431 cibi

185 1480 409 1553 fortitudine
443 1480 659 1564 roboratus
691 1481 868 1579 exemplo
904 1481 1020 1554 Heliae
1054 1486 1183 1555 veniat
1213 1510 1333 1581 usque
1363 1483 1410 1555 ad

186 1621 355 1679 montem
381 1604 456 1689 dei,
484 1651 532 1660 -
556 1593 635 1677 rii-m
663 1606 843 1679 uidelicet
864 1609 928 1704 qui
954 1621 1014 1678 est
1040 1632 1149 1679 mons
1175 1606 1411 1680 fortitudinis

183 1746 222 1803 et
250 1757 359 1804 mons
388 1729 525 1803 domus
554 1729 699 1803 domini
730 1746 965 1829 praeparatus
991 1733 1027 1800 in
1056 1734 1197 1803 uertice
1225 1735 1409 1805 montium

183 1857 248 1942 (ls
271 1858 342 1947 2²),
369 1871 408 1928 et
427 1855 474 1927 ab
495 1859 578 1927 eius
603 1854 719 1927 domo
742 1853 787 1926 ad
814 1870 956 1927 eternae
978 1854 1225 1927 beatitudinis
1249 1855 1410 1955 gloriam

185 1977 383 2078 procedat,
405 1981 468 2052 uhi
495 1985 656 2052 satietur
682 1978 852 2051 inbonis
879 1978 1111 2052 desiderium
1138 1983 1233 2063 eiuS,
1261 1996 1409 2052 etcum

184 2103 372 2203 propheta
388 2102 516 2176 dicere
533 2107 656 2202 possit
675 2131 682 2173 :
703 2107 926 2203 Egoautem
944 2130 1030 2176 cum
1048 2107 1191 2176 iustitia
1208 2121 1245 2176 et
1266 2120 1407 2177 cetera.

186 2231 284 2300 Ecce
310 2232 367 2300 uir
395 2228 640 2307 uenerabilis,
663 2226 765 2326 quod
792 2227 1000 2327 prudenter
1030 2231 1190 2307 iussisti,
1216 2228 1412 2301 humiliter

186 2352 356 2451 impleui,
376 2352 588 2451 deprecans
611 2355 853 2425 sanctitatem
877 2369 1058 2437 uestram,
1078 2369 1118 2425 ut
1141 2381 1257 2451 quum
1282 2352 1329 2425 de
1352 2353 1411 2425 his

185 2478 552 2576 interrogationibus
582 2478 738 2550 altiores
768 2481 1040 2576 responsiones
1071 2481 1308 2559 inueneritis
1336 2479 1410 2550 illis

184 2601 381 2687 adhibitis,
410 2604 503 2675 istas
528 2629 603 2674 non
632 2605 826 2684 reliciatiS,
854 2601 1063 2675 dummodo
1091 2602 1301 2699 apostolica
1325 2630 1411 2675 auc·

184 2730 341 2799 toritate
357 2730 484 2799 omnia
497 2730 572 2799 sint
586 2725 795 2824 probanda,
812 2742 850 2799 et
864 2753 948 2824 quae
964 2727 1061 2799 bona
1077 2742 1180 2809 sunt,
1195 2726 1406 2799 retinenda,

234 2930 355 3003 There
374 2930 522 3003 follows
545 2959 580 3029 p.
600 2934 646 3002 59
667 2940 697 3001 r⁰
717 2930 878 3003 another
897 2945 995 3003 tract
1012 2930 1185 3003 ascribed
1206 2947 1244 3003 to
1259 2936 1410 3004 Jerome

184 3081 227 3126 as
259 3054 434 3127 l'ollows:
470 3058 605 3154 Incipit
636 3055 732 3127 liber
756 3055 803 3128 de
830 3071 977 3153 septem
1003 3054 1186 3154 gradibus
1211 3055 1411 3128 ecclesias-

184 3183 272 3251 ticis
298 3179 396 3251 beati
420 3183 627 3252 Hieronimi
652 3179 698 3252 ad
724 3184 919 3253 llusticum
939 3183 1172 3278 Episcopum
1191 3180 1411 3253 Narbonen-

184 3330 266 3376 sem
283 3306 403 3402 Incr'p.
428 3304 610 3377 Sufficere
627 3305 781 3403 quidem
801 3321 874 3377 tuae
891 3304 1055 3376 arbitror·
1075 3308 1408 3377 conuersationem

183 3444 370 3510 sanctam,
389 3455 503 3528 quam
525 3429 642 3500 habes
665 3434 701 3500 in
718 3429 870 3502 Christo
889 3434 986 3509 lesu,
1009 3443 1083 3501 etc.

233 3552 324 3624 This
341 3553 408 3624 has
426 3553 520 3625 been
538 3552 776 3626 edited.'l'l1e
792 3552 874 3626 first
891 3556 931 3624 tt
954 3553 1067 3625 l'olios
1084 3553 1126 3625 ol
1138 3553 1213 3626 this
1233 3557 1300 3625 hls.
1320 3580 1410 3625 con-

183 3681 263 3748 tain
279 3678 447 3750 Cicero's
465 3679 520 3748 Dr
535 3680 729 3761 :lmae'cr'tr'm
748 3681 900 3750 written
922 3704 1013 3748 over
1033 3704 1052 3749 a
1071 3676 1297 3776 palimpsest
1316 3677 1409 3750 with

184 3828 298 3900 many
312 3801 375 3873 old
401 3801 584 3899 marginal
611 3802 768 3874 scholia.
789 3806 845 3874 No
868 3828 941 3874 one
965 3828 1008 3874 so
1032 3802 1088 3872 lar
1109 3827 1150 3873 as
1173 3805 1184 3873 l
1209 3801 1320 3873 lmow
1343 3801 1409 3873 has

182 3925 399 4024 attempted
417 3941 456 3998 to
472 3925 656 4025 decipher
677 3926 739 3998 the
758 3927 1046 4024 underwriting.

651 4107 1024 4178 Facu-Conuwrnms
1049 4107 1357 4178 CONYBEARE.
