<?xml version="1.0" encoding="UTF-8"?>
<!DOCTYPE html PUBLIC "-//W3C//DTD XHTML 1.0 Transitional//EN"
    "http://www.w3.org/TR/xhtml1/DTD/xhtml1-transitional.dtd">
<html xmlns="http://www.w3.org/1999/xhtml" xml:lang="en" lang="en">
 <head>
  <title>
</title>
<meta http-equiv="Content-Type" content="text/html;charset=utf-8" />
  <meta name='ocr-system' content='tesseract 3.04.00' />
  <meta name='ocr-capabilities' content='ocr_page ocr_carea ocr_par ocr_line ocrx_word'/>
</head>
<body>
  <div class='ocr_page' id='page_1' title='image "./mlangesnicolere00unkngoog/mlangesnicolere00unkngoog_0601.png"; bbox 0 0 3316 5436; ppageno 0'>
   <div class='ocr_carea' id='block_1_1' title="bbox 611 427 899 473">
    <p class='ocr_par' dir='ltr' id='par_1_1' title="bbox 611 427 899 473">
     <span class='ocr_line' id='line_1_1' title="bbox 611 427 899 473; baseline 0.003 -1"><span class='ocrx_word' id='word_1_1' title='bbox 611 428 638 472; x_wconf 81' lang='lat' dir='ltr'><strong>J.</strong></span> <span class='ocrx_word' id='word_1_2' title='bbox 663 428 693 473; x_wconf 88' lang='lat' dir='ltr'><strong>P.</strong></span> <span class='ocrx_word' id='word_1_3' title='bbox 716 427 899 473; x_wconf 74' lang='lat' dir='ltr'><strong>WALTZING</strong></span> 
     </span>
    </p>
   </div>
   <div class='ocr_carea' id='block_1_2' title="bbox 228 578 734 979">
    <p class='ocr_par' dir='ltr' id='par_1_2' title="bbox 228 578 734 853">
     <span class='ocr_line' id='line_1_2' title="bbox 228 578 734 640; baseline -0.006 0"><span class='ocrx_word' id='word_1_4' title='bbox 228 578 330 640; x_wconf 87' lang='lat' dir='ltr'><strong>Ydria</strong></span> <span class='ocrx_word' id='word_1_5' title='bbox 342 599 397 639; x_wconf 85' lang='lat' dir='ltr'><strong>vas</strong></span> <span class='ocrx_word' id='word_1_6' title='bbox 413 578 496 639; x_wconf 89' lang='lat' dir='ltr'><strong>duas</strong></span> <span class='ocrx_word' id='word_1_7' title='bbox 512 587 669 638; x_wconf 81' lang='lat' dir='ltr'><strong>metretas</strong></span> <span class='ocrx_word' id='word_1_8' title='bbox 685 596 734 637; x_wconf 88' lang='lat' dir='ltr'><strong>ca·</strong></span> 
     </span>
     <span class='ocr_line' id='line_1_3' title="bbox 267 680 733 765; baseline -0.004 -21"><span class='ocrx_word' id='word_1_9' title='bbox 267 685 377 765; x_wconf 89' lang='lat' dir='ltr'><strong>piens.</strong></span> <span class='ocrx_word' id='word_1_10' title='bbox 396 704 462 744; x_wconf 92' lang='lat' dir='ltr'><strong>una</strong></span> <span class='ocrx_word' id='word_1_11' title='bbox 487 693 625 744; x_wconf 82' lang='lat' dir='ltr'><strong>metreta</strong></span> <span class='ocrx_word' id='word_1_12' title='bbox 646 680 733 742; x_wconf 82' lang='lat' dir='ltr'>XXII</span> 
     </span>
     <span class='ocr_line' id='line_1_4' title="bbox 269 789 532 853; baseline -0.011 -1"><span class='ocrx_word' id='word_1_13' title='bbox 269 790 414 853; x_wconf 88' lang='lat' dir='ltr'><strong>sextaria</strong></span> <span class='ocrx_word' id='word_1_14' title='bbox 429 789 532 851; x_wconf 87' lang='lat' dir='ltr'><strong>habet</strong></span> 
     </span>
    </p>

    <p class='ocr_par' dir='ltr' id='par_1_3' title="bbox 228 896 734 979">
     <span class='ocr_line' id='line_1_5' title="bbox 228 896 734 979; baseline -0.008 -18"><span class='ocrx_word' id='word_1_15' title='bbox 228 898 399 979; x_wconf 87' lang='lat' dir='ltr'><strong>Ypotheca</strong></span> <span class='ocrx_word' id='word_1_16' title='bbox 415 897 569 958; x_wconf 89' lang='lat' dir='ltr'><strong>universa</strong></span> <span class='ocrx_word' id='word_1_17' title='bbox 579 896 734 958; x_wconf 87' lang='lat' dir='ltr'><strong>substan·</strong></span> 
     </span>
    </p>
   </div>
   <div class='ocr_carea' id='block_1_3' title="bbox 148 1026 737 3218">
    <p class='ocr_par' dir='ltr' id='par_1_4' title="bbox 148 1026 734 1193">
     <span class='ocr_line' id='line_1_6' title="bbox 269 1026 320 1067; baseline -0.02 0"><span class='ocrx_word' id='word_1_18' title='bbox 269 1026 320 1067; x_wconf 86' lang='lat' dir='ltr'><strong>cra</strong></span> 
     </span>
     <span class='ocr_line' id='line_1_7' title="bbox 148 1111 734 1193; baseline -0.009 -17"><span class='ocrx_word' id='word_1_19' title='bbox 148 1117 217 1176; x_wconf 83' lang='lat'>400.</span> <span class='ocrx_word' id='word_1_20' title='bbox 231 1113 379 1193; x_wconf 85' lang='lat' dir='ltr'><strong>Ysopum</strong></span> <span class='ocrx_word' id='word_1_21' title='bbox 396 1111 549 1172; x_wconf 85' lang='lat' dir='ltr'><strong>calefacit</strong></span> <span class='ocrx_word' id='word_1_22' title='bbox 564 1122 597 1172; x_wconf 91' lang='lat' dir='ltr'><strong>et</strong></span> <span class='ocrx_word' id='word_1_23' title='bbox 614 1111 734 1191; x_wconf 87' lang='lat' dir='ltr'><strong>flegma</strong></span> 
     </span>
    </p>

    <p class='ocr_par' dir='ltr' id='par_1_5' title="bbox 268 1219 426 1299">
     <span class='ocr_line' id='line_1_8' title="bbox 268 1219 426 1299; baseline -0.006 -19"><span class='ocrx_word' id='word_1_24' title='bbox 268 1219 426 1299; x_wconf 82' lang='lat' dir='ltr'><strong>producit</strong></span> 
     </span>
    </p>

    <p class='ocr_par' dir='ltr' id='par_1_6' title="bbox 229 1323 735 1515">
     <span class='ocr_line' id='line_1_9' title="bbox 229 1323 735 1407; baseline -0.006 -20"><span class='ocrx_word' id='word_1_25' title='bbox 229 1326 394 1387; x_wconf 88' lang='lat' dir='ltr'><strong>Zodiaons</strong></span> <span class='ocrx_word' id='word_1_26' title='bbox 414 1346 543 1407; x_wconf 83' lang='lat' dir='ltr'><strong>graece,</strong></span> <span class='ocrx_word' id='word_1_27' title='bbox 563 1323 666 1386; x_wconf 90' lang='lat' dir='ltr'><strong>latine</strong></span> <span class='ocrx_word' id='word_1_28' title='bbox 689 1323 735 1384; x_wconf 90' lang='lat' dir='ltr'><strong>si-</strong></span> 
     </span>
     <span class='ocr_line' id='line_1_10' title="bbox 269 1432 380 1515; baseline 0.009 -22"><span class='ocrx_word' id='word_1_29' title='bbox 269 1432 380 1515; x_wconf 87' lang='lat' dir='ltr'><strong>gnifer</strong></span> 
     </span>
    </p>

    <p class='ocr_par' dir='ltr' id='par_1_7' title="bbox 230 1538 735 1832">
     <span class='ocr_line' id='line_1_11' title="bbox 230 1538 735 1602; baseline -0.004 -1"><span class='ocrx_word' id='word_1_30' title='bbox 230 1540 332 1602; x_wconf 88' lang='lat' dir='ltr'><strong>Zodia</strong></span> <span class='ocrx_word' id='word_1_31' title='bbox 348 1539 505 1601; x_wconf 88' lang='lat' dir='ltr'><strong>animalia</strong></span> <span class='ocrx_word' id='word_1_32' title='bbox 521 1540 609 1600; x_wconf 89' lang='lat' dir='ltr'><strong>unde</strong></span> <span class='ocrx_word' id='word_1_33' title='bbox 625 1538 735 1600; x_wconf 92' lang='lat' dir='ltr'><strong>zodia·</strong></span> 
     </span>
     <span class='ocr_line' id='line_1_12' title="bbox 269 1645 735 1725; baseline -0.009 -17"><span class='ocrx_word' id='word_1_34' title='bbox 269 1667 329 1708; x_wconf 91' lang='lat' dir='ltr'><strong>cus</strong></span> <span class='ocrx_word' id='word_1_35' title='bbox 353 1646 478 1707; x_wconf 90' lang='lat' dir='ltr'><strong>dicitur</strong></span> <span class='ocrx_word' id='word_1_36' title='bbox 510 1646 601 1725; x_wconf 92' lang='lat' dir='ltr'><strong>quod</strong></span> <span class='ocrx_word' id='word_1_37' title='bbox 632 1645 666 1705; x_wconf 91' lang='lat' dir='ltr'><strong>in</strong></span> <span class='ocrx_word' id='word_1_38' title='bbox 696 1665 735 1705; x_wconf 92' lang='lat' dir='ltr'><strong>eo</strong></span> 
     </span>
     <span class='ocr_line' id='line_1_13' title="bbox 269 1751 656 1832; baseline -0.005 -18"><span class='ocrx_word' id='word_1_39' title='bbox 269 1759 334 1814; x_wconf 85' lang='lat' dir='ltr'><strong>sint</strong></span> <span class='ocrx_word' id='word_1_40' title='bbox 350 1752 507 1814; x_wconf 91' lang='lat' dir='ltr'><strong>animalia</strong></span> <span class='ocrx_word' id='word_1_41' title='bbox 522 1751 656 1832; x_wconf 88' lang='lat' dir='ltr'><strong>depicta</strong></span> 
     </span>
    </p>

    <p class='ocr_par' dir='ltr' id='par_1_8' title="bbox 229 1858 626 1940">
     <span class='ocr_line' id='line_1_14' title="bbox 229 1858 626 1940; baseline -0.005 -19"><span class='ocrx_word' id='word_1_42' title='bbox 229 1860 401 1940; x_wconf 87' lang='lat' dir='ltr'><strong>Zelotipus</strong></span> <span class='ocrx_word' id='word_1_43' title='bbox 418 1858 626 1939; x_wconf 88' lang='lat' dir='ltr'><strong>suspiciosus</strong></span> 
     </span>
    </p>

    <p class='ocr_par' dir='ltr' id='par_1_9' title="bbox 230 1966 501 2028">
     <span class='ocr_line' id='line_1_15' title="bbox 230 1966 501 2028; baseline -0.007 0"><span class='ocrx_word' id='word_1_44' title='bbox 230 1966 363 2028; x_wconf 87' lang='lat' dir='ltr'><strong>Zizania</strong></span> <span class='ocrx_word' id='word_1_45' title='bbox 384 1966 501 2027; x_wconf 91' lang='lat' dir='ltr'><strong>lolium</strong></span> 
     </span>
    </p>

    <p class='ocr_par' dir='ltr' id='par_1_10' title="bbox 148 2072 736 2154">
     <span class='ocr_line' id='line_1_16' title="bbox 148 2072 736 2154; baseline -0.005 -18"><span class='ocrx_word' id='word_1_46' title='bbox 148 2077 216 2136; x_wconf 82' lang='lat'><strong>405.</strong></span> <span class='ocrx_word' id='word_1_47' title='bbox 232 2073 400 2134; x_wconf 86' lang='lat' dir='ltr'><strong>Zimerina</strong></span> <span class='ocrx_word' id='word_1_48' title='bbox 419 2073 590 2154; x_wconf 87' lang='lat' dir='ltr'><strong>lampreda</strong></span> <span class='ocrx_word' id='word_1_49' title='bbox 614 2072 736 2133; x_wconf 91' lang='lat' dir='ltr'><strong>simili-</strong></span> 
     </span>
    </p>

    <p class='ocr_par' dir='ltr' id='par_1_11' title="bbox 269 2178 511 2240">
     <span class='ocr_line' id='line_1_17' title="bbox 269 2178 511 2240; baseline 0 -1"><span class='ocrx_word' id='word_1_50' title='bbox 269 2189 321 2240; x_wconf 89' lang='lat' dir='ltr'><strong>ter</strong></span> <span class='ocrx_word' id='word_1_51' title='bbox 336 2178 511 2240; x_wconf 89' lang='lat' dir='ltr'><strong>numerula</strong></span> 
     </span>
    </p>

    <p class='ocr_par' dir='ltr' id='par_1_12' title="bbox 223 2284 737 3218">
     <span class='ocr_line' id='line_1_18' title="bbox 223 2284 737 2357; baseline 0.002 -10"><span class='ocrx_word' id='word_1_52' title='bbox 223 2284 737 2357; x_wconf 79' lang='lat' dir='ltr'><strong>Salemantem,siontdixitsanc·</strong></span> 
     </span>
     <span class='ocr_line' id='line_1_19' title="bbox 268 2391 736 2470; baseline 0 -16"><span class='ocrx_word' id='word_1_53' title='bbox 268 2403 323 2454; x_wconf 91' lang='lat' dir='ltr'><strong>tus</strong></span> <span class='ocrx_word' id='word_1_54' title='bbox 341 2391 576 2470; x_wconf 86' lang='lat' dir='ltr'><strong>Hieronymus,</strong></span> <span class='ocrx_word' id='word_1_55' title='bbox 600 2413 666 2452; x_wconf 91' lang='lat' dir='ltr'><strong>non</strong></span> <span class='ocrx_word' id='word_1_56' title='bbox 686 2403 736 2454; x_wconf 90' lang='lat' dir='ltr'><strong>est</strong></span> 
     </span>
     <span class='ocr_line' id='line_1_20' title="bbox 269 2498 736 2578; baseline 0 -18"><span class='ocrx_word' id='word_1_57' title='bbox 269 2498 736 2578; x_wconf 88' lang='lat' dir='ltr'><strong>putandumHierusalem,ut</strong></span> 
     </span>
     <span class='ocr_line' id='line_1_21' title="bbox 268 2604 735 2686; baseline -0.002 -19"><span class='ocrx_word' id='word_1_58' title='bbox 268 2604 735 2686; x_wconf 87' lang='lat' dir='ltr'><strong>losephushistoriographns</strong></span> 
     </span>
     <span class='ocr_line' id='line_1_22' title="bbox 270 2712 736 2794; baseline -0.006 -19"><span class='ocrx_word' id='word_1_59' title='bbox 270 2712 736 2794; x_wconf 88' lang='lat' dir='ltr'><strong>nostrorumqueplurimiar·</strong></span> 
     </span>
     <span class='ocr_line' id='line_1_23' title="bbox 270 2818 734 2899; baseline -0.004 -19"><span class='ocrx_word' id='word_1_60' title='bbox 270 2821 449 2894; x_wconf 89' lang='lat' dir='ltr'><strong>bitrantur‚</strong></span> <span class='ocrx_word' id='word_1_61' title='bbox 476 2820 567 2898; x_wconf 92' lang='lat' dir='ltr'><strong>quod</strong></span> <span class='ocrx_word' id='word_1_62' title='bbox 596 2818 734 2899; x_wconf 90' lang='lat' dir='ltr'><strong>opidum</strong></span> 
     </span>
     <span class='ocr_line' id='line_1_24' title="bbox 270 2924 736 3006; baseline -0.004 -19"><span class='ocrx_word' id='word_1_63' title='bbox 270 2940 320 2988; x_wconf 86' lang='lat' dir='ltr'><strong>est</strong></span> <span class='ocrx_word' id='word_1_64' title='bbox 332 2928 422 2988; x_wconf 88' lang='lat' dir='ltr'><strong>iuxta</strong></span> <span class='ocrx_word' id='word_1_65' title='bbox 435 2925 632 3006; x_wconf 84' lang='lat' dir='ltr'><strong>Seitopolim</strong></span> <span class='ocrx_word' id='word_1_66' title='bbox 645 2924 736 3004; x_wconf 91' lang='lat' dir='ltr'><strong>qnod</strong></span> 
     </span>
     <span class='ocr_line' id='line_1_25' title="bbox 270 3031 737 3114; baseline -0.004 -19"><span class='ocrx_word' id='word_1_67' title='bbox 270 3055 375 3114; x_wconf 90' lang='lat' dir='ltr'><strong>usque</strong></span> <span class='ocrx_word' id='word_1_68' title='bbox 389 3033 491 3094; x_wconf 88' lang='lat' dir='ltr'><strong>hodie</strong></span> <span class='ocrx_word' id='word_1_69' title='bbox 504 3032 668 3113; x_wconf 85' lang='lat' dir='ltr'><strong>apellatur</strong></span> <span class='ocrx_word' id='word_1_70' title='bbox 680 3031 737 3094; x_wconf 88' lang='lat' dir='ltr'><strong>Sa·</strong></span> 
     </span>
     <span class='ocr_line' id='line_1_26' title="bbox 269 3139 737 3218; baseline -0.006 -16"><span class='ocrx_word' id='word_1_71' title='bbox 269 3141 335 3202; x_wconf 92' lang='lat' dir='ltr'><strong>lem</strong></span> <span class='ocrx_word' id='word_1_72' title='bbox 366 3141 433 3200; x_wconf 88' lang='lat' dir='ltr'><strong>sive</strong></span> <span class='ocrx_word' id='word_1_73' title='bbox 459 3140 574 3214; x_wconf 88' lang='lat' dir='ltr'><strong>Salim,</strong></span> <span class='ocrx_word' id='word_1_74' title='bbox 605 3139 646 3199; x_wconf 87' lang='lat' dir='ltr'><strong>dc</strong></span> <span class='ocrx_word' id='word_1_75' title='bbox 670 3160 737 3218; x_wconf 88' lang='lat' dir='ltr'><strong>quo</strong></span> 
     </span>
    </p>
   </div>
   <div class='ocr_carea' id='block_1_4' title="bbox 1312 410 1378 476">
    <p class='ocr_par' dir='ltr' id='par_1_13' title="bbox 1312 410 1378 476">
     <span class='ocr_line' id='line_1_27' title="bbox 1312 410 1378 476; baseline 0 -1"><span class='ocrx_word' id='word_1_76' title='bbox 1312 410 1378 476; x_wconf 85' lang='lat'><strong>549</strong></span> 
     </span>
    </p>
   </div>
   <div class='ocr_carea' id='block_1_5' title="bbox 909 574 1377 3198">
    <p class='ocr_par' dir='ltr' id='par_1_14' title="bbox 909 574 1377 3198">
     <span class='ocr_line' id='line_1_28' title="bbox 910 574 1374 656; baseline 0.006 -19"><span class='ocrx_word' id='word_1_77' title='bbox 910 585 994 637; x_wconf 87' lang='lat' dir='ltr'><strong>teste</strong></span> <span class='ocrx_word' id='word_1_78' title='bbox 1010 574 1109 637; x_wconf 88' lang='lat' dir='ltr'><strong>beato</strong></span> <span class='ocrx_word' id='word_1_79' title='bbox 1120 576 1324 656; x_wconf 78' lang='lat' dir='ltr'><strong>Hieronymo</strong></span> <span class='ocrx_word' id='word_1_80' title='bbox 1340 579 1374 640; x_wconf 91' lang='lat' dir='ltr'><strong>in</strong></span> 
     </span>
     <span class='ocr_line' id='line_1_29' title="bbox 909 682 1373 765; baseline 0.009 -21"><span class='ocrx_word' id='word_1_81' title='bbox 909 682 1082 762; x_wconf 88' lang='lat' dir='ltr'><strong>evangelio</strong></span> <span class='ocrx_word' id='word_1_82' title='bbox 1099 682 1240 765; x_wconf 88' lang='lat' dir='ltr'><strong>legitur:</strong></span> <span class='ocrx_word' id='word_1_83' title='bbox 1260 685 1373 763; x_wconf 86' lang='lat' dir='ltr'><strong>«Erat,</strong></span> 
     </span>
     <span class='ocr_line' id='line_1_30' title="bbox 910 789 1376 872; baseline 0.009 -23"><span class='ocrx_word' id='word_1_84' title='bbox 910 789 1032 868; x_wconf 91' lang='lat' dir='ltr'><strong>inquit,</strong></span> <span class='ocrx_word' id='word_1_85' title='bbox 1056 789 1201 852; x_wconf 81' lang='lat' dir='ltr'><strong>loannes</strong></span> <span class='ocrx_word' id='word_1_86' title='bbox 1224 791 1376 872; x_wconf 85' lang='lat' dir='ltr'><strong>Baptista</strong></span> 
     </span>
     <span class='ocr_line' id='line_1_31' title="bbox 910 895 1375 976; baseline 0.004 -20"><span class='ocrx_word' id='word_1_87' title='bbox 910 895 1084 976; x_wconf 88' lang='lat' dir='ltr'><strong>baptizans</strong></span> <span class='ocrx_word' id='word_1_88' title='bbox 1101 896 1135 956; x_wconf 93' lang='lat' dir='ltr'><strong>in</strong></span> <span class='ocrx_word' id='word_1_89' title='bbox 1149 896 1266 958; x_wconf 88' lang='lat' dir='ltr'><strong>Henon</strong></span> <span class='ocrx_word' id='word_1_90' title='bbox 1284 897 1375 959; x_wconf 88' lang='lat' dir='ltr'><strong>iuxta</strong></span> 
     </span>
     <span class='ocr_line' id='line_1_32' title="bbox 910 1002 1376 1082; baseline 0 -18"><span class='ocrx_word' id='word_1_91' title='bbox 910 1002 1021 1064; x_wconf 89' lang='lat' dir='ltr'><strong>Salem</strong></span> <span class='ocrx_word' id='word_1_92' title='bbox 1037 1003 1116 1082; x_wconf 91' lang='lat' dir='ltr'><strong>quia</strong></span> <span class='ocrx_word' id='word_1_93' title='bbox 1131 1023 1236 1081; x_wconf 87' lang='lat' dir='ltr'><strong>aquae</strong></span> <span class='ocrx_word' id='word_1_94' title='bbox 1252 1003 1376 1067; x_wconf 88' lang='lat' dir='ltr'><strong>multae</strong></span> 
     </span>
     <span class='ocr_line' id='line_1_33' title="bbox 910 1109 1374 1172; baseline 0 0"><span class='ocrx_word' id='word_1_95' title='bbox 910 1120 1005 1172; x_wconf 90' lang='lat' dir='ltr'><strong>erant</strong></span> <span class='ocrx_word' id='word_1_96' title='bbox 1020 1109 1080 1172; x_wconf 90' lang='lat' dir='ltr'><strong>ibi.</strong></span> <span class='ocrx_word' id='word_1_97' title='bbox 1093 1137 1106 1164; x_wconf 88' lang='lat'>»</span> <span class='ocrx_word' id='word_1_98' title='bbox 1124 1110 1253 1171; x_wconf 91' lang='lat' dir='ltr'><strong>ldcirco</strong></span> <span class='ocrx_word' id='word_1_99' title='bbox 1265 1121 1374 1172; x_wconf 89' lang='lat' dir='ltr'><strong>autem</strong></span> 
     </span>
     <span class='ocr_line' id='line_1_34' title="bbox 910 1217 1375 1279; baseline 0 -1"><span class='ocrx_word' id='word_1_100' title='bbox 910 1217 954 1278; x_wconf 90' lang='lat' dir='ltr'><strong>sit</strong></span> <span class='ocrx_word' id='word_1_101' title='bbox 969 1217 1034 1278; x_wconf 90' lang='lat' dir='ltr'><strong>ista</strong></span> <span class='ocrx_word' id='word_1_102' title='bbox 1045 1217 1187 1279; x_wconf 86' lang='lat' dir='ltr'><strong>varietas</strong></span> <span class='ocrx_word' id='word_1_103' title='bbox 1201 1217 1375 1278; x_wconf 91' lang='lat' dir='ltr'><strong>nominum</strong></span> 
     </span>
     <span class='ocr_line' id='line_1_35' title="bbox 909 1323 1376 1403; baseline -0.004 -17"><span class='ocrx_word' id='word_1_104' title='bbox 909 1325 988 1403; x_wconf 89' lang='lat' dir='ltr'><strong>quia</strong></span> <span class='ocrx_word' id='word_1_105' title='bbox 1002 1323 1125 1386; x_wconf 89' lang='lat' dir='ltr'><strong>Hebrei</strong></span> <span class='ocrx_word' id='word_1_106' title='bbox 1144 1323 1259 1386; x_wconf 89' lang='lat' dir='ltr'><strong>multis</strong></span> <span class='ocrx_word' id='word_1_107' title='bbox 1277 1323 1310 1384; x_wconf 91' lang='lat' dir='ltr'><strong>in</strong></span> <span class='ocrx_word' id='word_1_108' title='bbox 1325 1324 1376 1384; x_wconf 95' lang='lat' dir='ltr'><strong>lo-</strong></span> 
     </span>
     <span class='ocr_line' id='line_1_36' title="bbox 910 1429 1377 1511; baseline 0.004 -21"><span class='ocrx_word' id='word_1_109' title='bbox 910 1429 958 1491; x_wconf 90' lang='lat' dir='ltr'><strong>cis</strong></span> <span class='ocrx_word' id='word_1_110' title='bbox 986 1451 1045 1511; x_wconf 92' lang='lat' dir='ltr'><strong>per</strong></span> <span class='ocrx_word' id='word_1_111' title='bbox 1066 1442 1292 1492; x_wconf 86' lang='lat' dir='ltr'><strong>consonantes</strong></span> <span class='ocrx_word' id='word_1_112' title='bbox 1322 1451 1377 1492; x_wconf 92' lang='lat' dir='ltr'><strong>so·</strong></span> 
     </span>
     <span class='ocr_line' id='line_1_37' title="bbox 909 1536 1377 1599; baseline 0 -2"><span class='ocrx_word' id='word_1_113' title='bbox 909 1536 1084 1599; x_wconf 90' lang='lat' dir='ltr'><strong>lummodo</strong></span> <span class='ocrx_word' id='word_1_114' title='bbox 1111 1536 1265 1598; x_wconf 90' lang='lat' dir='ltr'><strong>scribunt</strong></span> <span class='ocrx_word' id='word_1_115' title='bbox 1295 1536 1377 1597; x_wconf 87' lang='lat' dir='ltr'><strong>sub-</strong></span> 
     </span>
     <span class='ocr_line' id='line_1_38' title="bbox 910 1643 1376 1722; baseline -0.002 -17"><span class='ocrx_word' id='word_1_116' title='bbox 910 1643 1026 1706; x_wconf 86' lang='lat' dir='ltr'><strong>tractis</strong></span> <span class='ocrx_word' id='word_1_117' title='bbox 1065 1643 1238 1705; x_wconf 88' lang='lat' dir='ltr'><strong>vooalibus</strong></span> <span class='ocrx_word' id='word_1_118' title='bbox 1278 1654 1376 1722; x_wconf 90' lang='lat' dir='ltr'><strong>atque</strong></span> 
     </span>
     <span class='ocr_line' id='line_1_39' title="bbox 910 1749 1375 1812; baseline 0 -1"><span class='ocrx_word' id='word_1_119' title='bbox 910 1751 956 1811; x_wconf 93' lang='lat' dir='ltr'><strong>ita</strong></span> <span class='ocrx_word' id='word_1_120' title='bbox 985 1751 1169 1812; x_wconf 90' lang='lat' dir='ltr'><strong>secundnm</strong></span> <span class='ocrx_word' id='word_1_121' title='bbox 1199 1749 1375 1812; x_wconf 89' lang='lat' dir='ltr'><strong>arbitrium</strong></span> 
     </span>
     <span class='ocr_line' id='line_1_40' title="bbox 910 1856 1374 1938; baseline -0.002 -19"><span class='ocrx_word' id='word_1_122' title='bbox 910 1857 1053 1938; x_wconf 85' lang='lat' dir='ltr'><strong>legentis</strong></span> <span class='ocrx_word' id='word_1_123' title='bbox 1127 1856 1374 1937; x_wconf 88' lang='lat' dir='ltr'><strong>pronuntiatio,</strong></span> 
     </span>
     <span class='ocr_line' id='line_1_41' title="bbox 911 1962 1376 2043; baseline 0 -19"><span class='ocrx_word' id='word_1_124' title='bbox 911 1985 978 2025; x_wconf 92' lang='lat' dir='ltr'><strong>non</strong></span> <span class='ocrx_word' id='word_1_125' title='bbox 1000 1984 1066 2024; x_wconf 93' lang='lat' dir='ltr'><strong>uno</strong></span> <span class='ocrx_word' id='word_1_126' title='bbox 1091 1983 1223 2043; x_wconf 89' lang='lat' dir='ltr'><strong>semper</strong></span> <span class='ocrx_word' id='word_1_127' title='bbox 1245 1962 1376 2024; x_wconf 91' lang='lat' dir='ltr'><strong>eodem·</strong></span> 
     </span>
     <span class='ocr_line' id='line_1_42' title="bbox 910 2069 1376 2152; baseline -0.009 -19"><span class='ocrx_word' id='word_1_128' title='bbox 910 2094 976 2152; x_wconf 90' lang='lat' dir='ltr'><strong>que</strong></span> <span class='ocrx_word' id='word_1_129' title='bbox 989 2072 1101 2133; x_wconf 91' lang='lat' dir='ltr'><strong>modo.</strong></span> <span class='ocrx_word' id='word_1_130' title='bbox 1113 2069 1376 2132; x_wconf 88' lang='lat' dir='ltr'><strong>Ostenditnran·</strong></span> 
     </span>
     <span class='ocr_line' id='line_1_43' title="bbox 910 2177 1376 2259; baseline -0.002 -20"><span class='ocrx_word' id='word_1_131' title='bbox 910 2190 977 2240; x_wconf 92' lang='lat' dir='ltr'><strong>tem</strong></span> <span class='ocrx_word' id='word_1_132' title='bbox 991 2179 1025 2239; x_wconf 91' lang='lat' dir='ltr'><strong>in</strong></span> <span class='ocrx_word' id='word_1_133' title='bbox 1040 2180 1157 2240; x_wconf 87' lang='lat' dir='ltr'><strong>eodem</strong></span> <span class='ocrx_word' id='word_1_134' title='bbox 1174 2177 1301 2259; x_wconf 93' lang='lat' dir='ltr'><strong>oppido</strong></span> <span class='ocrx_word' id='word_1_135' title='bbox 1316 2198 1376 2257; x_wconf 89' lang='lat' dir='ltr'><strong>pa-</strong></span> 
     </span>
     <span class='ocr_line' id='line_1_44' title="bbox 910 2284 1377 2347; baseline -0.004 -1"><span class='ocrx_word' id='word_1_136' title='bbox 910 2285 1033 2346; x_wconf 89' lang='lat' dir='ltr'><strong>lacium</strong></span> <span class='ocrx_word' id='word_1_137' title='bbox 1058 2284 1307 2347; x_wconf 87' lang='lat' dir='ltr'><strong>Melchisedech</strong></span> <span class='ocrx_word' id='word_1_138' title='bbox 1338 2305 1377 2345; x_wconf 89' lang='lat' dir='ltr'><strong>ex</strong></span> 
     </span>
     <span class='ocr_line' id='line_1_45' title="bbox 912 2391 1375 2473; baseline -0.002 -21"><span class='ocrx_word' id='word_1_139' title='bbox 912 2391 1145 2473; x_wconf 86' lang='lat' dir='ltr'><strong>magnitudine</strong></span> <span class='ocrx_word' id='word_1_140' title='bbox 1205 2392 1375 2453; x_wconf 87' lang='lat' dir='ltr'><strong>ruinarum</strong></span> 
     </span>
     <span class='ocr_line' id='line_1_46' title="bbox 910 2499 1375 2580; baseline 0 -21"><span class='ocrx_word' id='word_1_141' title='bbox 910 2500 1093 2560; x_wconf 89' lang='lat' dir='ltr'><strong>ostendens</strong></span> <span class='ocrx_word' id='word_1_142' title='bbox 1117 2499 1238 2560; x_wconf 90' lang='lat' dir='ltr'><strong>veteris</strong></span> <span class='ocrx_word' id='word_1_143' title='bbox 1263 2499 1375 2580; x_wconf 89' lang='lat' dir='ltr'><strong>operis</strong></span> 
     </span>
     <span class='ocr_line' id='line_1_47' title="bbox 910 2605 1374 2685; baseline 0 -19"><span class='ocrx_word' id='word_1_144' title='bbox 910 2605 1147 2667; x_wconf 87' lang='lat' dir='ltr'><strong>excellenciam</strong></span> <span class='ocrx_word' id='word_1_145' title='bbox 1188 2607 1230 2667; x_wconf 89' lang='lat' dir='ltr'><strong>ad</strong></span> <span class='ocrx_word' id='word_1_146' title='bbox 1274 2627 1374 2685; x_wconf 87' lang='lat' dir='ltr'><strong>qnam</strong></span> 
     </span>
     <span class='ocr_line' id='line_1_48' title="bbox 910 2710 1374 2792; baseline 0 -20"><span class='ocrx_word' id='word_1_147' title='bbox 910 2710 1077 2773; x_wconf 85' lang='lat' dir='ltr'><strong>civitatem</strong></span> <span class='ocrx_word' id='word_1_148' title='bbox 1126 2711 1193 2773; x_wconf 89' lang='lat' dir='ltr'><strong>sive</strong></span> <span class='ocrx_word' id='word_1_149' title='bbox 1237 2712 1374 2792; x_wconf 91' lang='lat' dir='ltr'><strong>opidum</strong></span> 
     </span>
     <span class='ocr_line' id='line_1_49' title="bbox 911 2817 1375 2900; baseline 0.004 -22"><span class='ocrx_word' id='word_1_150' title='bbox 911 2817 1035 2900; x_wconf 86' lang='lat' dir='ltr'><strong>legitur</strong></span> <span class='ocrx_word' id='word_1_151' title='bbox 1056 2819 1162 2880; x_wconf 89' lang='lat' dir='ltr'><strong>eciam</strong></span> <span class='ocrx_word' id='word_1_152' title='bbox 1178 2819 1281 2880; x_wconf 87' lang='lat' dir='ltr'><strong>Jacob</strong></span> <span class='ocrx_word' id='word_1_153' title='bbox 1297 2820 1375 2880; x_wconf 89' lang='lat' dir='ltr'><strong>des·</strong></span> 
     </span>
     <span class='ocr_line' id='line_1_50' title="bbox 911 2924 1374 3004; baseline -0.004 -18"><span class='ocrx_word' id='word_1_154' title='bbox 911 2925 1066 2987; x_wconf 88' lang='lat' dir='ltr'><strong>cendisse</strong></span> <span class='ocrx_word' id='word_1_155' title='bbox 1120 2924 1178 3004; x_wconf 90' lang='lat' dir='ltr'><strong>qni</strong></span> <span class='ocrx_word' id='word_1_156' title='bbox 1227 2924 1290 2986; x_wconf 89' lang='lat' dir='ltr'><strong>fuit</strong></span> <span class='ocrx_word' id='word_1_157' title='bbox 1340 2924 1374 2984; x_wconf 93' lang='lat' dir='ltr'><strong>in</strong></span> 
     </span>
     <span class='ocr_line' id='line_1_51' title="bbox 913 3030 1375 3112; baseline -0.002 -20"><span class='ocrx_word' id='word_1_158' title='bbox 913 3043 1000 3092; x_wconf 91' lang='lat' dir='ltr'><strong>terra</strong></span> <span class='ocrx_word' id='word_1_159' title='bbox 1043 3032 1176 3094; x_wconf 88' lang='lat' dir='ltr'><strong>Canaan</strong></span> <span class='ocrx_word' id='word_1_160' title='bbox 1226 3030 1375 3112; x_wconf 83' lang='lat' dir='ltr'><strong>regionis</strong></span> 
     </span>
     <span class='ocr_line' id='line_1_52' title="bbox 913 3136 1060 3198; baseline 0 -1"><span class='ocrx_word' id='word_1_161' title='bbox 913 3136 1060 3198; x_wconf 89' lang='lat' dir='ltr'><strong>Sichem.</strong></span> 
     </span>
    </p>
   </div>
   <div class='ocr_carea' id='block_1_6' title="bbox 149 3377 1375 3621">
    <p class='ocr_par' dir='ltr' id='par_1_15' title="bbox 149 3377 1375 3621">
     <span class='ocr_line' id='line_1_53' title="bbox 185 3377 1375 3441; baseline -0.005 -5"><span class='ocrx_word' id='word_1_162' title='bbox 185 3385 237 3437; x_wconf 87' lang='grc'><strong>398</strong></span> <span class='ocrx_word' id='word_1_163' title='bbox 253 3403 305 3436; x_wconf 87' lang='lat' dir='ltr'><strong>nna</strong></span> <span class='ocrx_word' id='word_1_164' title='bbox 323 3395 412 3436; x_wconf 85' lang='lat' dir='ltr'><strong>metra</strong></span> <span class='ocrx_word' id='word_1_165' title='bbox 432 3385 468 3434; x_wconf 89' lang='lat' dir='ltr'><strong>W.</strong></span> <span class='ocrx_word' id='word_1_166' title='bbox 487 3413 521 3424; x_wconf 90' lang='lat'>-</span> <span class='ocrx_word' id='word_1_167' title='bbox 536 3384 585 3434; x_wconf 79' lang='lat'><strong>406</strong></span> <span class='ocrx_word' id='word_1_168' title='bbox 602 3391 728 3441; x_wconf 82' lang='lat' dir='ltr'><strong>sanctus.</strong></span> <span class='ocrx_word' id='word_1_169' title='bbox 747 3381 942 3435; x_wconf 80' lang='lat' dir='ltr'><strong>ou-dessous:</strong></span> <span class='ocrx_word' id='word_1_170' title='bbox 964 3379 1005 3431; x_wconf 90' lang='lat' dir='ltr'><strong>sic</strong></span> <span class='ocrx_word' id='word_1_171' title='bbox 1021 3378 1123 3431; x_wconf 82' lang='lat' dir='ltr'><strong>beatus</strong></span> <span class='ocrx_word' id='word_1_172' title='bbox 1140 3377 1207 3431; x_wconf 75' lang='lat' dir='ltr'><strong>aod.</strong></span> <span class='ocrx_word' id='word_1_173' title='bbox 1223 3381 1313 3432; x_wconf 77' lang='lat' dir='ltr'><strong>Brux.</strong></span> <span class='ocrx_word' id='word_1_174' title='bbox 1335 3381 1375 3430; x_wconf 89' lang='lat' dir='ltr'><strong>La</strong></span> 
     </span>
     <span class='ocr_line' id='line_1_54' title="bbox 150 3462 1375 3540; baseline -0.002 -22"><span class='ocrx_word' id='word_1_175' title='bbox 150 3465 230 3540; x_wconf 84' lang='lat' dir='ltr'><strong>copie</strong></span> <span class='ocrx_word' id='word_1_176' title='bbox 245 3465 281 3517; x_wconf 86' lang='lat' dir='ltr'><strong>de</strong></span> <span class='ocrx_word' id='word_1_177' title='bbox 301 3465 338 3516; x_wconf 77' lang='lat' dir='ltr'><strong>W.</strong></span> <span class='ocrx_word' id='word_1_178' title='bbox 357 3482 393 3516; x_wconf 86' lang='lat' dir='ltr'><strong>a:</strong></span> <span class='ocrx_word' id='word_1_179' title='bbox 416 3462 526 3515; x_wconf 85' lang='lat' dir='ltr'><strong>beatus.</strong></span> <span class='ocrx_word' id='word_1_180' title='bbox 545 3479 685 3534; x_wconf 83' lang='lat' dir='ltr'><strong>-aquae</strong></span> <span class='ocrx_word' id='word_1_181' title='bbox 705 3462 810 3515; x_wconf 84' lang='lat' dir='ltr'><strong>multae</strong></span> <span class='ocrx_word' id='word_1_182' title='bbox 827 3463 895 3517; x_wconf 84' lang='lat' dir='ltr'><strong>Cod.</strong></span> <span class='ocrx_word' id='word_1_183' title='bbox 911 3467 991 3516; x_wconf 66' lang='lat' dir='ltr'><strong>Brut</strong></span> <span class='ocrx_word' id='word_1_184' title='bbox 1012 3471 1040 3516; x_wconf 83' lang='lat' dir='ltr'><strong>et</strong></span> <span class='ocrx_word' id='word_1_185' title='bbox 1060 3465 1107 3514; x_wconf 84' lang='grc' dir='ltr'><strong>Εν.</strong></span> <span class='ocrx_word' id='word_1_186' title='bbox 1121 3465 1234 3521; x_wconf 70' lang='lat' dir='ltr'><strong>loona„</strong></span> <span class='ocrx_word' id='word_1_187' title='bbox 1253 3464 1305 3520; x_wconf 88' lang='lat' dir='ltr'><strong>Ill,</strong></span> <span class='ocrx_word' id='word_1_188' title='bbox 1324 3464 1375 3523; x_wconf 76' lang='lat'><strong>23,-</strong></span> 
     </span>
     <span class='ocr_line' id='line_1_55' title="bbox 149 3546 1201 3621; baseline -0.002 -19"><span class='ocrx_word' id='word_1_189' title='bbox 149 3568 237 3621; x_wconf 82' lang='lat' dir='ltr'><strong>aqnae</strong></span> <span class='ocrx_word' id='word_1_190' title='bbox 253 3549 354 3601; x_wconf 81' lang='lat' dir='ltr'><strong>mistae</strong></span> <span class='ocrx_word' id='word_1_191' title='bbox 375 3550 412 3600; x_wconf 87' lang='lat' dir='ltr'><strong>W.</strong></span> <span class='ocrx_word' id='word_1_192' title='bbox 428 3579 460 3588; x_wconf 93' lang='lat'>-</span> <span class='ocrx_word' id='word_1_193' title='bbox 475 3548 629 3606; x_wconf 81' lang='lat' dir='ltr'><strong>civitatem,</strong></span> <span class='ocrx_word' id='word_1_194' title='bbox 644 3546 671 3600; x_wconf 78' lang='lat' dir='ltr'><strong>le</strong></span> <span class='ocrx_word' id='word_1_195' title='bbox 688 3546 755 3600; x_wconf 72' lang='lat' dir='ltr'><strong>eod.</strong></span> <span class='ocrx_word' id='word_1_196' title='bbox 768 3551 858 3602; x_wconf 77' lang='lat' dir='ltr'><strong>Brux.</strong></span> <span class='ocrx_word' id='word_1_197' title='bbox 876 3557 903 3602; x_wconf 78' lang='lat' dir='ltr'><strong>et</strong></span> <span class='ocrx_word' id='word_1_198' title='bbox 925 3550 962 3599; x_wconf 82' lang='lat' dir='ltr'><strong>W.</strong></span> <span class='ocrx_word' id='word_1_199' title='bbox 980 3557 1028 3601; x_wconf 81' lang='lat' dir='ltr'><strong>ont</strong></span> <span class='ocrx_word' id='word_1_200' title='bbox 1044 3549 1201 3601; x_wconf 81' lang='lat' dir='ltr'><strong>ovittatem.</strong></span> 
     </span>
    </p>
   </div>
   <div class='ocr_carea' id='block_1_7' title="bbox 935 3833 1322 3904">
    <p class='ocr_par' dir='ltr' id='par_1_16' title="bbox 935 3833 1322 3904">
     <span class='ocr_line' id='line_1_56' title="bbox 935 3833 1322 3904; baseline -0.005 -1"><span class='ocrx_word' id='word_1_201' title='bbox 935 3835 968 3903; x_wconf 89' lang='lat' dir='ltr'><strong>J.</strong></span> <span class='ocrx_word' id='word_1_202' title='bbox 992 3834 1032 3903; x_wconf 91' lang='lat' dir='ltr'><strong>P.</strong></span> <span class='ocrx_word' id='word_1_203' title='bbox 1051 3834 1101 3904; x_wconf 82' lang='lat' dir='ltr'>W</span> <span class='ocrx_word' id='word_1_204' title='bbox 1104 3833 1322 3904; x_wconf 81' lang='lat' dir='ltr'><strong>ALTZlNG.</strong></span> 
     </span>
    </p>
   </div>
   <div class='ocr_carea' id='block_1_8' title="bbox 0 0 1666 5436">
    <p class='ocr_par' dir='ltr' id='par_1_17' title="bbox 0 0 1666 5436">
     <span class='ocr_line' id='line_1_57' title="bbox 0 0 1666 5436; baseline 0 0"><span class='ocrx_word' id='word_1_205' title='bbox 0 0 1666 5436; x_wconf 95' lang='lat' dir='ltr'><strong> </strong></span> 
     </span>
    </p>
   </div>
  </div>
 </body>
</html>
