3316 5436
673 424 770 471 sm.
799 427 830 470 P.
856 426 1016 472 LAMssnos

282 581 443 667 Βιβλίον
466 574 524 650 Θ’.
559 581 756 677 Ἡράκλειτος,
777 581 962 679 Δημίκρττος,
990 582 1184 679 Ἀνάξαρχος.

331 714 421 782 Κατὰ
438 722 530 784 ταῦτα
549 717 689 783 λείπουσιν
707 718 737 783 σι
755 727 812 784 τῶν
831 720 1064 808 άπαυθισμάτων
1081 720 1106 784 οί
1123 716 1186 795 ἑξῆς
1203 717 1270 804 βίοι·

281 848 444 935 Βιβλίον
469 842 526 918 A'.
562 848 750 941 Ἐπιμενιδης.

281 983 442 1070 Βιβλίον
466 976 520 1051 B'.
556 982 751 1075 Ἀναξιμένης,
774 983 947 1079 Ἀρχέλαος,
968 984 1122 1075 Αἰσχίνης,
1143 983 1272 1070 Φαιδων,
1291 984 1458 1072 Εὐκλειδης,

231 1107 384 1203 Διόδωρος,
405 1109 532 1203 Κρίτων,
553 1110 664 1200 Σίμων,
685 1109 841 1196 Γλαύκων,
864 1111 1000 1202 Σιμμίας,
1021 1111 1131 1198 Κέβης,
1151 1109 1325 1203 Μενέδημος.

279 1242 441 1330 Βιβλίον
468 1235 521 1312 A'.
555 1243 708 1336 Πολέμων,
734 1245 865 1340 Κράτης,
887 1245 1043 1339 Κράντωρ,
1070 1243 1219 1329 Λακύδης,
1245 1242 1456 1336 Κλειτίμαχος.

279 1377 440 1464 Βιβλίον
465 1368 521 1445 E'.
549 1377 701 1472 Στράτων,
721 1377 839 1446 Λύκων.

278 1510 441 1596 Βιβλίον
465 1503 520 1593 ς’.
548 1509 688 1603 Μόνιμος,
716 1510 924 1607 Ὀνησίκριτος,
945 1511 1075 1606 Κράτης,
1097 1509 1271 1602 Μενέδημος.

277 1644 438 1732 Βιβλίον
466 1637 517 1714 Z'.
560 1644 714 1740 Ἀρίστων,
744 1644 897 1739 Ἥριλλος,
931 1644 1087 1731 Διονύσιος,
1115 1646 1282 1729 Κλεάνθης,
1315 1645 1454 1740 Σφαῖρος,

227 1769 411 1864 Χρύσιππος.

277 1903 441 1989 Βιβλίον
462 1896 520 1972 H'.
555 1901 751 1998 Ἐπίχαρμος,
780 1901 942 1998 Ἀρχύτας,
977 1902 1155 1995 Ἀλκμαίων,
1181 1902 1335 1990 Ἵππασος,
1362 1902 1455 1972 Φιλί-

228 2030 307 2114 λαος,
327 2026 423 2106 Εὕδοξ
456 2083 462 2096 .

275 2161 321 2228 Βι
328 2161 395 2247 βλί
399 2190 436 2229 ον
465 2154 522 2230 Θ’.
551 2157 724 2252 Ξενοφάνης,
744 2159 938 2256 Παρμωιδης,
959 2161 1117 2245 Μελισσος,
1142 2163 1252 2246 Ζήνων,
1277 2160 1451 2249 Λείικιππος,

225 2283 439 2381 Πρωταγὲρας,
460 2286 593 2378 Διογένης
614 2285 856 2372 Ἀπολλωνιάτης,
876 2285 1017 2381 Πύρρων,
1037 2286 1148 2376 Τίμων.

274 2419 435 2506 Βιβλίον
453 2413 493 2489 l'.
521 2420 636 2499 Πάντες
654 2425 680 2488 οί
697 2421 764 2508 βίοι.

272 2558 377 2637 Εὐθὺς
399 2558 424 2628 δ’
446 2559 475 2638 ἑξ
493 2564 589 2654 ἀρχῆς
609 2559 832 2655 παρατηρητέον,
857 2557 897 2627 ὅτι
921 2558 1068 2653 ἐξαιρέτως
1090 2559 1210 2654 βραχέα
1230 2558 1283 2627 είνε
1301 2563 1451 2627 τάπανθί-

222 2712 322 2774 σματα
341 2687 371 2751 ἑκ
392 2696 448 2752 τῶν
467 2686 563 2761 άλλως
580 2695 710 2779 μακρῶν,
730 2686 808 2752 ἐνίων
827 2682 924 2752 δὲκαὶ
946 2688 1135 2779 μακροτάτων
1159 2689 1241 2779 παρὰ
1261 2696 1302 2776 τῷ
1326 2684 1450 2775 Διογένει

221 2810 294 2897 βίων
312 2816 361 2878 τοῦ
380 2810 548 2895 Πλάτωνος,
575 2807 775 2905 Ἡρακλειδου,
797 2809 954 2900 Διογένους,
976 2811 1115 2895 Ζήνωνος,
1135 2806 1327 2903 Πυθαγόρου,
1351 2809 1449 2904 Ἡρα-

221 2938 331 3004 κλείτου
351 2940 399 3001 καί
419 2934 606 3039 Δημοκρίτου.

277 3068 450 3136 Ἀκολουθεῖ
468 3059 495 3135 δ’
515 3071 530 3136 ὁ
552 3073 735 3145 άπανθιστὴς
754 3069 783 3136 ἐν
805 3068 918 3159 ἑκάστῳ
940 3068 998 3158 βίῳ
1015 3074 1065 3142 τὴν
1083 3071 1181 3162 σειρὰν
1201 3067 1273 3134 καθ’
1293 3073 1326 3142 ἣν
1344 3073 1381 3135 τά
1399 3067 1447 3135 ὑπ’

218 3195 307 3262 αὐτοῦ
321 3192 539 3284 άπαυθτζίμενα
552 3192 727 3288 εὑρίσκονται
740 3197 822 3286 παρὰ
836 3203 877 3283 τῷ
888 3192 1011 3285 Διογένει
1026 3191 1171 3286 Λαερτίῳ.
1191 3192 1334 3270 Συνὴθως
1346 3192 1373 3260 δ’
1384 3195 1447 3260 ἑπι-

218 3321 325 3409 τομείιει
344 3321 358 3386 ὁ
372 3319 525 3409 συλλογεὺς
538 3314 784 3408 τάπανθιζίμενα,
806 3321 934 3394 σπανίως
947 3315 977 3384 δὲ
990 3315 1073 3407 μένον
1091 3318 1250 3411 παραθὲτει
1269 3317 1345 3384 αὐτὰ
1359 3315 1446 3384 αὐτί-

217 3469 292 3511 τατα
312 3446 351 3520 ὡς
373 3451 482 3533 ἔχουσι.
510 3443 731 3537 Παρατίθενται
748 3439 774 3509 δ’
796 3443 882 3532 ἐντῷ
900 3440 997 3509 κῶδικι
1016 3445 1253 3533 τάποσπάσματα
1276 3440 1305 3519 ἐξ
1325 3443 1447 3509 ἑκάστου

216 3568 284 3655 βίου
308 3567 380 3652 ἑξῆς,
404 3575 521 3658 ἑνιαχοῦ
542 3568 625 3659 μόνον
644 3565 825 3662 χωριζόμενα
850 3581 887 3645 εἰς
912 3568 976 3645 νέας
998 3571 1216 3662 παραγράφους.
1245 3565 1395 3644 Ἕκαστος
1414 3564 1445 3634 δὲ

216 3693 278 3778 βίος
304 3691 475 3786 διακρίνεται
504 3696 562 3761 άπὸ
588 3700 637 3761 τοῦ
664 3693 882 3789 προηγουμένου,
906 3692 1085 3787 γραφομένου
1106 3694 1232 3786 ἐρυθροῦ
1253 3698 1304 3758 τοῦ
1331 3693 1445 3786 πρώτου

215 3819 371 3907 κεφαλαίου
389 3822 558 3912 γράμματος
571 3832 619 3895 τῆς
637 3823 772 3913 άρκττκῆς
786 3816 895 3900 λέξεως,
911 3816 977 3884 ἀλλ’
992 3825 1059 3883 ἄνευ
1077 3814 1148 3894 ἰδίας
1162 3819 1329 3911 ἐπιγραφῆς.
1346 3813 1444 3883 Μὲνον

213 3939 244 4009 δὲ
257 3947 294 4009 τά
309 3945 339 4009 ἐκ
357 3954 412 4010 τῶν
430 3943 502 4029 βίων
520 3949 570 4010 τοῦ
583 3943 727 4020 Μίνσωνος
746 3948 794 4010 καί
812 3948 862 4010 τοῦ
882 3938 1055 4034 Ξενοφῶντος
1080 3944 1294 4032 άπανθίσματα
1312 3938 1443 4031 οὐδαμῶς

213 4065 425 4136 διαστελλονται
451 4070 508 4135 άπὸ
536 4078 593 4135 τῶν
622 4067 838 4162 προηγουμένων
860 4067 943 4154 βίων,
963 4069 1072 4133 ἐκείνων
1091 4066 1142 4156 μὲν
1166 4066 1307 4156 ἑπομένων
1327 4065 1442 4155 άμὲσως

213 4203 281 4260 ἄνευ
295 4192 463 4287 διακρίσεως
484 4205 521 4269 εἰς
538 4197 575 4259 τά
601 4194 631 4259 ἐκ
653 4198 702 4260 τοῦ
728 4189 954 4286 Ἀναχάρσιδος,
978 4191 1083 4258 τούτων
1105 4188 1136 4258 δὲ
1155 4203 1191 4266 εἰς
1211 4194 1248 4257 τὰ
1266 4191 1297 4255 σι
1310 4194 1359 4256 τοῦ
1376 4189 1442 4276 βίου

212 4324 261 4386 τοῦ
284 4318 467 4411 Σωκράτους,
486 4317 558 4384 καθ’
578 4307 598 4384 ά
616 4320 780 4408 ἑσημείωσα
798 4313 851 4390 ἤδη
870 4316 1013 4409 ἀνωτέρω.

261 4451 396 4541 Παρέχω
409 4450 434 4518 δ’
449 4454 578 4520 ἐνταῦθα
591 4455 630 4529 ῶς
642 4450 745 4541 δεῖγμα
758 4455 808 4517 τοῦ
821 4448 887 4518 ὅλου
900 4460 1011 4543 πρῶτον
1024 4454 1074 4522 τὴν
1086 4454 1195 4543 ἀρχὴν,
1206 4447 1440 4543 περιλαμβάνου-

1355 4574 1381 4612 ιι
