3406 5438
237 425 280 491 92
684 424 868 491 uertices
894 443 1020 489 meone

238 592 311 664 silii
328 594 519 688 grauitate
543 593 769 673 muniamur,
789 606 831 664 ut
850 591 1000 664 actibus
1022 593 1166 664 nostris
1186 592 1348 666 consilio
1369 608 1467 666 tem-

239 719 394 814 peratis,
409 715 455 799 ad
472 715 635 788 archana
652 714 871 788 intellectus
887 718 1088 798 intrantes,
1102 714 1149 786 ad
1166 742 1250 788 eam
1267 719 1467 790 ueniamus

238 842 466 939 sapientiam
483 866 567 938 quae
585 842 733 912 initium
751 839 866 913 babet
882 842 1060 914 timorem
1077 839 1236 913 domini.
1251 843 1300 914 Ut
1316 845 1467 940 sapien-

236 980 296 1037 ter
311 967 439 1037 omnia
460 963 714 1062 complentes,
733 979 772 1037 et
792 963 1033 1037 intellectum
1050 963 1193 1038 bonum
1210 963 1386 1038 faciendo
1400 964 1465 1038 ha-

237 1088 388 1171 bentes,
403 1088 456 1160 illi
470 1091 670 1186 sapientiae
681 1087 832 1161 admitti
842 1088 1039 1161 ualeamus
1055 1114 1123 1188 per
1134 1115 1248 1186 quam
1259 1088 1357 1163 facta
1375 1105 1465 1163 sunt

236 1216 378 1286 omnia.
398 1216 491 1315 Quae
507 1228 545 1285 et
561 1228 650 1285 ante
667 1212 795 1286 secula
812 1240 832 1285 a
854 1228 961 1312 patre
978 1212 1225 1286 ineffabiliter
1237 1217 1368 1314 genita
1389 1229 1461 1291 est.

236 1353 276 1410 et
299 1341 337 1410 in
365 1320 648 1410 sinebeclorum
673 1363 827 1410 carnem
851 1352 992 1411 nostrae
1015 1337 1151 1410 salutis
1169 1364 1284 1411 causa
1306 1336 1462 1438 dignata

236 1477 295 1534 est
316 1465 504 1561 accipere.
524 1463 645 1556 Quam
661 1487 814 1533 carnem
832 1460 1010 1534 lidelibus
1026 1465 1106 1534 suis
1121 1460 1309 1534 edendam
1329 1463 1463 1536 tribuit

236 1612 321 1658 cum
348 1584 469 1657 dixit:
503 1588 580 1658 Nisi
607 1583 932 1658 manducaueritis
955 1612 1107 1658 carnem
1135 1584 1202 1657 filii
1229 1585 1396 1659 hominis
1424 1603 1464 1660 et

236 1711 410 1784 biberitis
431 1714 514 1784 eius
530 1713 754 1809 sanguinem
778 1709 1065 1783 nonhabebitis
1090 1713 1205 1782 uitam
1227 1713 1265 1782 in
1286 1711 1409 1784 uobis.

285 1839 407 1934 Caput
427 1838 516 1906 xvii.

286 1963 445 2058 Propter
476 1959 574 2032 hanc
604 1962 721 2032 uitam
747 1957 1050 2058 adipiscendam,
1077 1973 1115 2031 et
1140 1958 1395 2058 baptizamur;
1423 1975 1462 2033 et

235 2087 317 2156 eius
351 2087 538 2182 sanguine
568 2099 758 2182 potamur,
791 2087 879 2181 quia
911 2109 1149 2181 nequaquam
1186 2110 1392 2182 possumus
1423 2087 1459 2155 in

234 2211 316 2281 eius
337 2234 477 2305 eorpus
498 2210 674 2290 transire,
699 2210 768 2279 nisi
793 2207 852 2282 his
874 2207 1090 2280 imbuamur
1110 2211 1374 2281 sacramentis.
1397 2213 1460 2282 Sic

234 2335 333 2405 enim
356 2335 439 2431 ipse
459 2336 510 2404 ait
530 2361 536 2404 :
560 2336 657 2407 Caro
679 2358 762 2405 mea
779 2358 866 2404 vere
886 2347 945 2404 est
961 2332 1083 2409 cibus,
1107 2348 1146 2405 et
1168 2337 1324 2431 sanguis
1352 2359 1459 2407 meus

235 2483 324 2530 uere
344 2473 405 2530 est
426 2472 538 2556 potus
563 2461 633 2550 (lo.
651 2460 733 2544 6⁵⁵).
764 2460 809 2528 tu
833 2458 896 2554 qui
926 2455 1131 2543 manducat
1155 2483 1309 2529 carnem
1337 2484 1459 2530 meam

234 2597 272 2655 et
302 2582 399 2655 bibit
424 2585 649 2680 sanguinem
682 2606 806 2653 meum
839 2583 877 2651 in
903 2606 963 2653 me
989 2596 1116 2654 manet
1142 2594 1180 2653 et
1204 2608 1278 2679 ego
1304 2584 1339 2653 in
1371 2608 1458 2655 eum

233 2710 302 2799 (lo.
320 2710 401 2795 6⁵¹).
422 2710 488 2778 Est
504 2709 605 2778 enim
632 2704 859 2778 sacrificium
882 2704 1049 2778 salutare
1070 2704 1172 2804 quod
1189 2721 1227 2779 et
1247 2709 1313 2800 (in)
1337 2710 1457 2779 ueteri

233 2846 466 2904 testamento
488 2829 768 2903 Melchisedech
793 2856 858 2902 rex
879 2829 1020 2914 Salem,
1048 2833 1084 2901 in
1111 2846 1204 2930 typo
1226 2833 1399 2929 corporis
1420 2846 1458 2903 et

232 2959 429 3054 sanguinis
450 2954 594 3028 domini
616 2957 736 3028 nostri
762 2941 827 3026 i'ffi
852 2941 905 3025 xm
929 2954 1091 3035 obtulit;
1116 2958 1212 3027 etin
1234 2981 1335 3028 nouo
1357 2954 1458 3028 idem

233 3079 421 3153 mediator
442 3082 508 3152 Dei
531 3095 570 3151 et
591 3078 787 3150 hominum
811 3094 1015 3176 antequam
1036 3077 1252 3151 traderetur
1274 3078 1458 3178 adimple-

231 3208 300 3283 uit,
328 3231 413 3277 cum
442 3206 635 3301 accipiens
662 3229 798 3301 panem
826 3219 864 3274 et
889 3203 1047 3275 calicem
1078 3202 1310 3276 benedicens
1339 3207 1395 3276 eis
1419 3219 1457 3276 et

231 3328 386 3402 tradens
406 3327 606 3427 discipulis
627 3331 705 3399 suis
726 3327 797 3399 hoc
816 3329 851 3397 in
870 3331 925 3399 sui
951 3331 1356 3400 commemorationem
1374 3327 1454 3401 fieri

231 3457 414 3554 praecepit
431 3456 456 3546 (l
475 3457 561 3526 Cor.
588 3453 685 3538 ll24).
707 3456 785 3523 lloc
802 3478 894 3548 ergo
912 3455 1122 3523 misterium
1139 3451 1324 3524 offerendi
1343 3455 1457 3523 saeri-

231 3579 373 3662 licium,
401 3577 545 3650 relictis
570 3603 613 3649 ac
638 3574 755 3647 linitis
776 3576 972 3648 ueteribus
997 3576 1146 3657 hostiis,
1171 3575 1332 3648 ecclesia
1359 3577 1456 3649 cele·

231 3703 333 3786 brat,
355 3702 521 3776 ollerens
538 3728 674 3801 panem
697 3716 853 3799 propter
870 3727 1004 3798 panem
1030 3699 1136 3771 illum
1163 3703 1291 3772 uiuum
1319 3703 1382 3798 qui
1408 3700 1456 3773 de

231 3828 314 3900 celo
334 3825 548 3906 descendit,
568 3828 698 3897 uinum
716 3851 784 3923 pro
807 3851 853 3896 eo
876 3823 977 3922 quod
1002 3823 1096 3896 dixit
1119 3852 1126 3894 ε
1157 3828 1236 3922 Ego
1258 3851 1342 3897 sum
1367 3828 1456 3897 uitis

230 3979 318 4025 uera
336 3956 407 4042 (lo.
426 3955 509 4043 15¹).
530 3955 577 4026 Ut
594 3976 663 4050 per
678 3949 909 4022 inuisibilem
934 3953 1054 4022 sancti
1078 3952 1235 4047 spiritus
1258 3975 1455 4021 consecra·

229 4080 387 4158 tionem,
408 4080 517 4174 panis
540 4090 578 4148 et
602 4078 731 4146 uinum
762 4077 798 4145 in
827 4077 999 4172 corporis
1022 4089 1060 4146 et
1086 4076 1282 4172 sauguinis
1309 4073 1453 4146 domini

229 4217 426 4274 transeant
452 4199 693 4297 dignitatem,
717 4201 776 4271 cui
798 4201 973 4297 sanguini
996 4197 1354 4296 admisceturaqua,
1374 4201 1455 4270 siue

230 4325 385 4423 quiade
408 4324 525 4397 latere
549 4322 692 4395 domini
717 4323 838 4402 fluxit,
862 4325 943 4394 siue
964 4324 1051 4419 quia
1074 4339 1113 4394 ut
1142 4326 1305 4394 maiores
1334 4325 1452 4394 nostri

230 4450 364 4523 uolunt
390 4448 568 4547 intelligi,
596 4451 694 4519 sicut
725 4474 792 4547 per
816 4450 945 4519 uinum
974 4473 1049 4523 xrs,
1076 4451 1190 4519 itaet
1220 4473 1288 4546 per
1316 4473 1452 4545 aquam
