3316 5436
594 548 780 595 mmomcn
806 549 909 596 miss
1325 536 1364 601 17

128 700 184 769 tia
209 706 277 783 Διὸς
294 703 369 800 κόρα
390 704 468 773 Δίκα
489 697 587 789 (948)
611 709 714 768 certe
736 722 865 769 secum
892 700 973 795 ipsa
999 725 1075 772 non
1098 717 1257 800 pugnat.
1285 706 1362 775 Iam

131 821 267 895 ultima
283 824 405 894 totius
419 836 529 921 κομμοῡ
543 819 625 893 haec
641 836 744 906 sunt,
767 823 927 896 466-478
946 849 954 893 :

452 1015 476 1085 ὦ
489 1016 572 1095 πόνος
586 1020 710 1109 ἐγγενής,

453 1148 500 1210 καὶ
514 1146 702 1237 παράμουσος
720 1152 793 1219 ἄτας

451 1266 630 1357 αἱματόεσσα
643 1270 754 1358 morsa<

455 1396 487 1459 ἰὼ
499 1391 609 1460 δύστον’
624 1403 736 1486 ἄφερτα
749 1390 830 1466 κήδη.

453 1521 486 1583 ἰὼ
499 1513 783 1599 δνσιατοίπαν(σ)τον
797 1519 894 1607 ἄλγος.

452 1639 582 1732 δώμασιν
595 1648 715 1732 ἔμμοτον

452 1764 532 1833 τῶνδ’
547 1767 614 1844 ἑκάς
629 1756 774 1849 (Med.)‚
792 1763 850 1833 οὐδ’
865 1765 917 1832 ἀπ’
931 1768 1030 1833 officii

453 1893 570 1972 ἔκτοθεν,
586 1890 652 1957 αἰόλ’
666 1889 718 1957 ἀπ’
733 1890 827 1957 αὐτῶν

451 2012 486 2081 δι’
501 2018 584 2105 ὠμὰν
597 2022 655 2108 ἔμιν
669 2019 841 2108 αἱματηράν.

451 2143 519 2206 θεῶν
537 2144 636 2223 (miv)
651 2144 727 2206 κατὰ
741 2151 796 2230 γᾶς
810 2136 849 2206 ὅδ’
865 2134 959 2229 ὕμνος.
1218 2130 1289 2202 475

452 2266 529 2331 moi
542 2266 681 2347 κλόοντες,
696 2267 824 2357 μαίιαμες
839 2261 956 2353 χθόνιοι,

450 2385 534 2461 τῆσδε
547 2400 690 2478 κατευχῆς
704 2387 822 2478 πέμπετ’
836 2393 954 2482 οἰμωγὴν

451 2517 549 2579 παισὶν
562 2511 730 2606 πμοφμόνως
744 2514 788 2609 ἐπὶ
808 2516 880 2603 νίκῃ.

183 2688 295 2784 Quod
312 2688 555 2762 Schuetzium
574 2692 696 2762 secuti
714 2690 784 2763 472
798 2709 866 2776 ἄκος
881 2688 1056 2770 scribunt
1073 2715 1141 2787 pro
1154 2700 1233 2775 ἑκάς,
1253 2687 1301 2761 de
1318 2713 1361 2761 ea

132 2840 175 2886 rc
187 2817 350 2912 primum
364 2811 570 2885 videndum
589 2829 661 2897 est,
682 2840 770 2885 num
788 2829 905 2886 recte.
919 2815 1110 2908 Quaeritur
1126 2811 1216 2910 quid
1229 2815 1279 2884 sit
1290 2814 1358 2885 471

130 2955 264 3039 ἔμμοτον.
282 2938 658 3011 EtWilamowitzius
671 2937 840 3036 quidem,
855 2964 928 3036 qua
940 2940 1080 3010 ceteris
1092 2936 1170 3008 scrc
1181 2937 1361 3009 omnibus

133 3079 293 3161 praestat
308 3064 519 3136 litterarum
538 3065 755 3136 Graecarum
776 3065 1039 3134 universarum
1062 3064 1188 3133 omnis
1209 3076 1362 3160 tempo-

133 3190 187 3259 ris
217 3190 389 3272 scientia‚
419 3191 685 3287 llippocrateis
709 3188 805 3260 locis
833 3190 1000 3260 inventis
1028 3187 1218 3285 probavit,
1244 3203 1362 3287 ἑμμοτος

134 3312 187 3383 ibi
204 3338 290 3384 esse
310 3311 410 3384 idem
427 3327 541 3411 atque
556 3329 681 3413 ἑμπυος;
704 3329 822 3412 ἑμμοιος
836 3320 980 3412 γενόμενος
994 3325 1109 3411 ἀφίκετο
1130 3322 1157 3398 ἐς
1176 3318 1245 3388 δέκα
1259 3333 1361 3410 μῆνας,

135 3435 174 3507 id
198 3451 257 3508 est
277 3451 365 3534 post
389 3436 521 3509 decem
550 3463 701 3509 menses
733 3452 906 3509 mortuus
930 3451 1003 3508 est.
1032 3435 1107 3508 Sed
1131 3434 1169 3506 id
1195 3434 1287 3506 nihil
1314 3433 1361 3505 ad

135 3560 238 3632 hunc
258 3559 384 3632 locum
406 3587 490 3632 esse
511 3564 635 3660 ipsum
658 3564 780 3633 virum
801 3561 1069 3633 doctissimum
1092 3585 1166 3632 non
1192 3559 1301 3659 sugit,
1324 3573 1364 3631 et

135 3683 295 3757 adnotat
310 3710 393 3756 eam
415 3689 610 3758 notionem
632 3712 652 3757 a
675 3689 796 3784 prima
819 3685 933 3786 longe
953 3711 1039 3757 esse
1056 3683 1257 3755 deflexam.
1277 3687 1362 3755 Ser·

135 3824 247 3881 vatur
262 3824 386 3881 autem
404 3812 525 3908 prima
542 3809 642 3908 apud
660 3810 829 3908 reliquos
847 3809 1031 3891 medicos,
1051 3809 1248 3884 Galenum,
1270 3810 1363 3878 Pau-

135 3933 229 4016 lum,
252 3933 360 4014 alim,
383 3960 470 4006 cum
491 3933 624 4007 dicunt
642 3948 794 4038 φοίμμαιον
808 3951 926 4035 ἔμμοτον
942 3937 1021 4006 Sive
1036 3950 1154 4033 ἔμμοτον
1175 3935 1254 4005 sive
1274 3947 1364 4030 ἔμμο-

133 4093 192 4150 rog,
209 4055 247 4127 id
263 4073 322 4129 est
337 4056 479 4150 (Diod.)
497 4058 818 4131 medicamentum
838 4057 941 4156 quod
958 4057 1128 4129 linteolis
1145 4056 1364 4153 concerptis

135 4186 245 4280 (μοτόν)
261 4196 461 4280 exceptum
479 4185 577 4254 intra
594 4182 703 4255 ulcus
724 4180 936 4255 conditur¹.
956 4179 1101 4276 Quodsi
1121 4183 1170 4251 ita
1187 4179 1259 4250 hoc
1275 4194 1365 4276 ἔμμο-

133 4341 183 4382 τον
197 4309 419 4404 accipimus,
438 4309 566 4378 omnia
584 4307 696 4405 plana
714 4307 822 4391 fiunt,
843 4310 1005 4378 maximo
1027 4318 1250 4403 comparato
1265 4306 1364 4399 Aga-

172 4580 182 4610 ¹
202 4580 236 4633 V.
256 4582 337 4634 ὓιιιιν.
355 4581 382 4634 in
399 4581 539 4658 Stephani
557 4582 712 4637 Thesauro.
